%YAML 1.1
%TAG !u! tag:unity3d.com,2011:
--- !u!1 &377387335
GameObject:
  m_ObjectHideFlags: 0
  m_CorrespondingSourceObject: {fileID: 0}
  m_PrefabInstance: {fileID: 0}
  m_PrefabAsset: {fileID: 0}
  serializedVersion: 6
  m_Component:
  - component: {fileID: 377387339}
  - component: {fileID: 377387338}
  - component: {fileID: 377387337}
  - component: {fileID: 377387336}
  m_Layer: 0
  m_Name: CameraPivot
  m_TagString: Untagged
  m_Icon: {fileID: 0}
  m_NavMeshLayer: 0
  m_StaticEditorFlags: 0
  m_IsActive: 1
--- !u!4 &377387339
Transform:
  m_ObjectHideFlags: 0
  m_CorrespondingSourceObject: {fileID: 0}
  m_PrefabInstance: {fileID: 0}
  m_PrefabAsset: {fileID: 0}
  m_GameObject: {fileID: 377387335}
  m_LocalRotation: {x: 0.7071068, y: 1.2273783e-11, z: -1.1630672e-11, w: 0.7071068}
  m_LocalPosition: {x: 29.095093, y: -200.63567, z: 1.2462525}
  m_LocalScale: {x: 7.993798, y: 7.9937997, z: 7.9938}
  m_Children:
  - {fileID: 534669905}
  m_Father: {fileID: 2577472740010346183}
  m_RootOrder: 0
  m_LocalEulerAnglesHint: {x: 0, y: 0, z: 0}
--- !u!33 &377387338
MeshFilter:
  m_ObjectHideFlags: 0
  m_CorrespondingSourceObject: {fileID: 0}
  m_PrefabInstance: {fileID: 0}
  m_PrefabAsset: {fileID: 0}
  m_GameObject: {fileID: 377387335}
  m_Mesh: {fileID: 10207, guid: 0000000000000000e000000000000000, type: 0}
--- !u!23 &377387337
MeshRenderer:
  m_ObjectHideFlags: 0
  m_CorrespondingSourceObject: {fileID: 0}
  m_PrefabInstance: {fileID: 0}
  m_PrefabAsset: {fileID: 0}
  m_GameObject: {fileID: 377387335}
  m_Enabled: 0
  m_CastShadows: 1
  m_ReceiveShadows: 1
  m_DynamicOccludee: 1
  m_MotionVectors: 1
  m_LightProbeUsage: 1
  m_ReflectionProbeUsage: 1
  m_RenderingLayerMask: 1
  m_RendererPriority: 0
  m_Materials:
  - {fileID: 10303, guid: 0000000000000000f000000000000000, type: 0}
  m_StaticBatchInfo:
    firstSubMesh: 0
    subMeshCount: 0
  m_StaticBatchRoot: {fileID: 0}
  m_ProbeAnchor: {fileID: 0}
  m_LightProbeVolumeOverride: {fileID: 0}
  m_ScaleInLightmap: 1
  m_PreserveUVs: 0
  m_IgnoreNormalsForChartDetection: 0
  m_ImportantGI: 0
  m_StitchLightmapSeams: 0
  m_SelectedEditorRenderState: 3
  m_MinimumChartSize: 4
  m_AutoUVMaxDistance: 0.5
  m_AutoUVMaxAngle: 89
  m_LightmapParameters: {fileID: 0}
  m_SortingLayerID: 0
  m_SortingLayer: 0
  m_SortingOrder: 0
--- !u!135 &377387336
SphereCollider:
  m_ObjectHideFlags: 0
  m_CorrespondingSourceObject: {fileID: 0}
  m_PrefabInstance: {fileID: 0}
  m_PrefabAsset: {fileID: 0}
  m_GameObject: {fileID: 377387335}
  m_Material: {fileID: 0}
  m_IsTrigger: 0
  m_Enabled: 1
  serializedVersion: 2
  m_Radius: 0.5
  m_Center: {x: 0, y: 0, z: 0}
--- !u!1 &534669902
GameObject:
  m_ObjectHideFlags: 0
  m_CorrespondingSourceObject: {fileID: 0}
  m_PrefabInstance: {fileID: 0}
  m_PrefabAsset: {fileID: 0}
  serializedVersion: 6
  m_Component:
  - component: {fileID: 534669905}
  - component: {fileID: 534669904}
  - component: {fileID: 534669903}
  - component: {fileID: 534669906}
  m_Layer: 0
  m_Name: Main Camera
  m_TagString: MainCamera
  m_Icon: {fileID: 0}
  m_NavMeshLayer: 0
  m_StaticEditorFlags: 0
  m_IsActive: 1
--- !u!4 &534669905
Transform:
  m_ObjectHideFlags: 0
  m_CorrespondingSourceObject: {fileID: 0}
  m_PrefabInstance: {fileID: 0}
  m_PrefabAsset: {fileID: 0}
  m_GameObject: {fileID: 534669902}
  m_LocalRotation: {x: -0, y: -0, z: -0, w: 1}
  m_LocalPosition: {x: 0, y: 0, z: -10}
  m_LocalScale: {x: 1.1930256, y: 1.193025, z: 1.1930258}
  m_Children: []
  m_Father: {fileID: 377387339}
  m_RootOrder: 0
  m_LocalEulerAnglesHint: {x: 0, y: 0, z: 0}
--- !u!20 &534669904
Camera:
  m_ObjectHideFlags: 0
  m_CorrespondingSourceObject: {fileID: 0}
  m_PrefabInstance: {fileID: 0}
  m_PrefabAsset: {fileID: 0}
  m_GameObject: {fileID: 534669902}
  m_Enabled: 1
  serializedVersion: 2
  m_ClearFlags: 1
  m_BackGroundColor: {r: 0.19215687, g: 0.3019608, b: 0.4745098, a: 0}
  m_projectionMatrixMode: 1
  m_SensorSize: {x: 36, y: 24}
  m_LensShift: {x: 0, y: 0}
  m_GateFitMode: 2
  m_FocalLength: 50
  m_NormalizedViewPortRect:
    serializedVersion: 2
    x: 0
    y: 0
    width: 1
    height: 1
  near clip plane: 0.3
  far clip plane: 1000
  field of view: 60
  orthographic: 0
  orthographic size: 5
  m_Depth: -1
  m_CullingMask:
    serializedVersion: 2
    m_Bits: 4294967295
  m_RenderingPath: -1
  m_TargetTexture: {fileID: 0}
  m_TargetDisplay: 0
  m_TargetEye: 3
  m_HDR: 1
  m_AllowMSAA: 1
  m_AllowDynamicResolution: 0
  m_ForceIntoRT: 0
  m_OcclusionCulling: 1
  m_StereoConvergence: 10
  m_StereoSeparation: 0.022
--- !u!81 &534669903
AudioListener:
  m_ObjectHideFlags: 0
  m_CorrespondingSourceObject: {fileID: 0}
  m_PrefabInstance: {fileID: 0}
  m_PrefabAsset: {fileID: 0}
  m_GameObject: {fileID: 534669902}
  m_Enabled: 1
--- !u!114 &534669906
MonoBehaviour:
  m_ObjectHideFlags: 0
  m_CorrespondingSourceObject: {fileID: 0}
  m_PrefabInstance: {fileID: 0}
  m_PrefabAsset: {fileID: 0}
  m_GameObject: {fileID: 534669902}
  m_Enabled: 1
  m_EditorHideFlags: 0
  m_Script: {fileID: 11500000, guid: fb7f86908969ef245acc0e84531a2cc2, type: 3}
  m_Name: 
  m_EditorClassIdentifier: 
  MouseSensitivity: 4
  ScrollSensitivity: 2
  OrbitDampening: 10
  ScrollDampening: 6
  CameraDisabled: 1
--- !u!1 &1913598333
GameObject:
  m_ObjectHideFlags: 0
  m_CorrespondingSourceObject: {fileID: 0}
  m_PrefabInstance: {fileID: 0}
  m_PrefabAsset: {fileID: 0}
  serializedVersion: 6
  m_Component:
  - component: {fileID: 1913598334}
  - component: {fileID: 1913598335}
  - component: {fileID: 1913598336}
  m_Layer: 0
  m_Name: Inventory
  m_TagString: Untagged
  m_Icon: {fileID: 0}
  m_NavMeshLayer: 0
  m_StaticEditorFlags: 0
  m_IsActive: 1
--- !u!4 &1913598334
Transform:
  m_ObjectHideFlags: 0
  m_CorrespondingSourceObject: {fileID: 0}
  m_PrefabInstance: {fileID: 0}
  m_PrefabAsset: {fileID: 0}
  m_GameObject: {fileID: 1913598333}
  m_LocalRotation: {x: 0, y: 0, z: 0, w: 1}
  m_LocalPosition: {x: 0, y: 0, z: 0}
  m_LocalScale: {x: 1, y: 1, z: 1}
  m_Children: []
  m_Father: {fileID: 2577472740010346351}
  m_RootOrder: 27
  m_LocalEulerAnglesHint: {x: 0, y: 0, z: 0}
--- !u!114 &1913598335
MonoBehaviour:
  m_ObjectHideFlags: 0
  m_CorrespondingSourceObject: {fileID: 0}
  m_PrefabInstance: {fileID: 0}
  m_PrefabAsset: {fileID: 0}
  m_GameObject: {fileID: 1913598333}
  m_Enabled: 1
  m_EditorHideFlags: 0
  m_Script: {fileID: 11500000, guid: c8f7866963f06574d8679174fff9444e, type: 3}
  m_Name: 
  m_EditorClassIdentifier: 
  QTYInventoryArr: 
  ITInventoryArr: []
--- !u!65 &1913598336
BoxCollider:
  m_ObjectHideFlags: 0
  m_CorrespondingSourceObject: {fileID: 0}
  m_PrefabInstance: {fileID: 0}
  m_PrefabAsset: {fileID: 0}
  m_GameObject: {fileID: 1913598333}
  m_Material: {fileID: 0}
  m_IsTrigger: 1
  m_Enabled: 1
  serializedVersion: 2
  m_Size: {x: 14.312683, y: 57.735226, z: 16.423271}
  m_Center: {x: -0.28839383, y: 28.367607, z: 3.2398772}
--- !u!54 &6560899
Rigidbody:
  m_ObjectHideFlags: 0
  m_CorrespondingSourceObject: {fileID: 0}
  m_PrefabInstance: {fileID: 0}
  m_PrefabAsset: {fileID: 0}
  m_GameObject: {fileID: 2577472740010646351}
  serializedVersion: 2
  m_Mass: 1
  m_Drag: 0
  m_AngularDrag: 0.05
  m_UseGravity: 1
  m_IsKinematic: 1
  m_Interpolate: 0
  m_Constraints: 0
  m_CollisionDetection: 0
--- !u!143 &6560900
CharacterController:
  m_ObjectHideFlags: 0
  m_CorrespondingSourceObject: {fileID: 0}
  m_PrefabInstance: {fileID: 0}
  m_PrefabAsset: {fileID: 0}
  m_GameObject: {fileID: 2577472740010646351}
  m_Material: {fileID: 0}
  m_IsTrigger: 0
  m_Enabled: 1
  serializedVersion: 2
  m_Height: 51
  m_Radius: 4
  m_SlopeLimit: 50
  m_StepOffset: 0.3
  m_SkinWidth: 0.08
  m_MinMoveDistance: 0.001
  m_Center: {x: 0, y: 25, z: 0}
--- !u!114 &6560898
MonoBehaviour:
  m_ObjectHideFlags: 0
  m_CorrespondingSourceObject: {fileID: 0}
  m_PrefabInstance: {fileID: 0}
  m_PrefabAsset: {fileID: 0}
  m_GameObject: {fileID: 2577472740010646351}
  m_Enabled: 1
  m_EditorHideFlags: 0
  m_Script: {fileID: 11500000, guid: 70f61cf2356730e4e90e6b878c94bb79, type: 3}
  m_Name: 
  m_EditorClassIdentifier: 
  Hand: {fileID: 2577472740010646161}
  JumpForce: 7
  GravityScale: 5
  Wielded: 0
  CanSwing: 0
  currentWield: 
--- !u!114 &6560901
MonoBehaviour:
  m_ObjectHideFlags: 0
  m_CorrespondingSourceObject: {fileID: 0}
  m_PrefabInstance: {fileID: 0}
  m_PrefabAsset: {fileID: 0}
  m_GameObject: {fileID: 2577472740010646351}
  m_Enabled: 1
  m_EditorHideFlags: 0
  m_Script: {fileID: 11500000, guid: 09731fc18b3e7af4480a66a2250176d6, type: 3}
  m_Name: 
  m_EditorClassIdentifier: 
  MaxHealth: 100
  Health: 100
  MaxMagix: 50
  Magix: 50
--- !u!114 &6560902
MonoBehaviour:
  m_ObjectHideFlags: 0
  m_CorrespondingSourceObject: {fileID: 0}
  m_PrefabInstance: {fileID: 0}
  m_PrefabAsset: {fileID: 0}
  m_GameObject: {fileID: 2577472740010646351}
  m_Enabled: 0
  m_EditorHideFlags: 0
  m_Script: {fileID: 11500000, guid: 941a4e6d70c22124b95c5003f9e9e0eb, type: 3}
  m_Name: 
  m_EditorClassIdentifier: 
--- !u!1001 &2577472740010744943
PrefabInstance:
  m_ObjectHideFlags: 0
  serializedVersion: 2
  m_Modification:
    m_TransformParent: {fileID: 0}
    m_Modifications:
    - target: {fileID: 100128, guid: bfa83e69cbeb41045a2742008c3fdc1d, type: 3}
      propertyPath: m_Name
      value: Mac
      objectReference: {fileID: 0}
    - target: {fileID: 100128, guid: bfa83e69cbeb41045a2742008c3fdc1d, type: 3}
      propertyPath: m_TagString
      value: Player
      objectReference: {fileID: 0}
    - target: {fileID: 400128, guid: bfa83e69cbeb41045a2742008c3fdc1d, type: 3}
      propertyPath: m_LocalPosition.x
      value: 230.79
      objectReference: {fileID: 0}
    - target: {fileID: 400128, guid: bfa83e69cbeb41045a2742008c3fdc1d, type: 3}
      propertyPath: m_LocalPosition.y
      value: 4.79
      objectReference: {fileID: 0}
    - target: {fileID: 400128, guid: bfa83e69cbeb41045a2742008c3fdc1d, type: 3}
      propertyPath: m_LocalPosition.z
      value: 299.358
      objectReference: {fileID: 0}
    - target: {fileID: 400128, guid: bfa83e69cbeb41045a2742008c3fdc1d, type: 3}
      propertyPath: m_LocalRotation.x
      value: 0
      objectReference: {fileID: 0}
    - target: {fileID: 400128, guid: bfa83e69cbeb41045a2742008c3fdc1d, type: 3}
      propertyPath: m_LocalRotation.y
      value: 0
      objectReference: {fileID: 0}
    - target: {fileID: 400128, guid: bfa83e69cbeb41045a2742008c3fdc1d, type: 3}
      propertyPath: m_LocalRotation.z
      value: 0
      objectReference: {fileID: 0}
    - target: {fileID: 400128, guid: bfa83e69cbeb41045a2742008c3fdc1d, type: 3}
      propertyPath: m_LocalRotation.w
      value: 1
      objectReference: {fileID: 0}
    - target: {fileID: 400128, guid: bfa83e69cbeb41045a2742008c3fdc1d, type: 3}
      propertyPath: m_RootOrder
      value: 0
      objectReference: {fileID: 0}
    - target: {fileID: 400128, guid: bfa83e69cbeb41045a2742008c3fdc1d, type: 3}
      propertyPath: m_LocalEulerAnglesHint.x
      value: 0
      objectReference: {fileID: 0}
    - target: {fileID: 400128, guid: bfa83e69cbeb41045a2742008c3fdc1d, type: 3}
      propertyPath: m_LocalEulerAnglesHint.y
      value: 0
      objectReference: {fileID: 0}
    - target: {fileID: 400128, guid: bfa83e69cbeb41045a2742008c3fdc1d, type: 3}
      propertyPath: m_LocalEulerAnglesHint.z
      value: 0
      objectReference: {fileID: 0}
    - target: {fileID: 400128, guid: bfa83e69cbeb41045a2742008c3fdc1d, type: 3}
      propertyPath: m_LocalScale.x
      value: 0.04021126
      objectReference: {fileID: 0}
    - target: {fileID: 400128, guid: bfa83e69cbeb41045a2742008c3fdc1d, type: 3}
      propertyPath: m_LocalScale.y
      value: 0.04021126
      objectReference: {fileID: 0}
    - target: {fileID: 400128, guid: bfa83e69cbeb41045a2742008c3fdc1d, type: 3}
      propertyPath: m_LocalScale.z
      value: 0.04021126
      objectReference: {fileID: 0}
    - target: {fileID: 9500000, guid: bfa83e69cbeb41045a2742008c3fdc1d, type: 3}
      propertyPath: m_Controller
      value: 
      objectReference: {fileID: 9100000, guid: 97a62e52219340e468eeebdab70bebac, type: 2}
    - target: {fileID: 13700042, guid: bfa83e69cbeb41045a2742008c3fdc1d, type: 3}
      propertyPath: m_ReceiveShadows
      value: 1
      objectReference: {fileID: 0}
    - target: {fileID: 13700042, guid: bfa83e69cbeb41045a2742008c3fdc1d, type: 3}
      propertyPath: m_DynamicOccludee
      value: 1
      objectReference: {fileID: 0}
    - target: {fileID: 13700042, guid: bfa83e69cbeb41045a2742008c3fdc1d, type: 3}
      propertyPath: m_SkinnedMotionVectors
      value: 1
      objectReference: {fileID: 0}
    - target: {fileID: 13700042, guid: bfa83e69cbeb41045a2742008c3fdc1d, type: 3}
      propertyPath: m_Enabled
      value: 1
      objectReference: {fileID: 0}
    - target: {fileID: 13700042, guid: bfa83e69cbeb41045a2742008c3fdc1d, type: 3}
      propertyPath: m_Bones.Array.data[0]
      value: 
      objectReference: {fileID: 2577472740010346177}
    - target: {fileID: 13700042, guid: bfa83e69cbeb41045a2742008c3fdc1d, type: 3}
      propertyPath: m_RootBone
      value: 
      objectReference: {fileID: 2577472740010346177}
    - target: {fileID: 13700000, guid: bfa83e69cbeb41045a2742008c3fdc1d, type: 3}
      propertyPath: m_Bones.Array.data[0]
      value: 
      objectReference: {fileID: 2577472740010346147}
    - target: {fileID: 13700000, guid: bfa83e69cbeb41045a2742008c3fdc1d, type: 3}
      propertyPath: m_Bones.Array.data[1]
      value: 
      objectReference: {fileID: 2577472740010346201}
    - target: {fileID: 13700000, guid: bfa83e69cbeb41045a2742008c3fdc1d, type: 3}
      propertyPath: m_Bones.Array.data[2]
      value: 
      objectReference: {fileID: 2577472740010346173}
    - target: {fileID: 13700000, guid: bfa83e69cbeb41045a2742008c3fdc1d, type: 3}
      propertyPath: m_RootBone
      value: 
      objectReference: {fileID: 2577472740010346147}
    - target: {fileID: 13700002, guid: bfa83e69cbeb41045a2742008c3fdc1d, type: 3}
      propertyPath: m_Bones.Array.data[0]
      value: 
      objectReference: {fileID: 2577472740010346143}
    - target: {fileID: 13700002, guid: bfa83e69cbeb41045a2742008c3fdc1d, type: 3}
      propertyPath: m_Bones.Array.data[1]
      value: 
      objectReference: {fileID: 2577472740010346165}
    - target: {fileID: 13700002, guid: bfa83e69cbeb41045a2742008c3fdc1d, type: 3}
      propertyPath: m_Bones.Array.data[2]
      value: 
      objectReference: {fileID: 2577472740010346137}
    - target: {fileID: 13700002, guid: bfa83e69cbeb41045a2742008c3fdc1d, type: 3}
      propertyPath: m_RootBone
      value: 
      objectReference: {fileID: 2577472740010346143}
    - target: {fileID: 13700004, guid: bfa83e69cbeb41045a2742008c3fdc1d, type: 3}
      propertyPath: m_Bones.Array.data[0]
      value: 
      objectReference: {fileID: 2577472740010346135}
    - target: {fileID: 13700004, guid: bfa83e69cbeb41045a2742008c3fdc1d, type: 3}
      propertyPath: m_Bones.Array.data[1]
      value: 
      objectReference: {fileID: 2577472740010346143}
    - target: {fileID: 13700004, guid: bfa83e69cbeb41045a2742008c3fdc1d, type: 3}
      propertyPath: m_Bones.Array.data[2]
      value: 
      objectReference: {fileID: 2577472740010346165}
    - target: {fileID: 13700004, guid: bfa83e69cbeb41045a2742008c3fdc1d, type: 3}
      propertyPath: m_Bones.Array.data[3]
      value: 
      objectReference: {fileID: 2577472740010346137}
    - target: {fileID: 13700004, guid: bfa83e69cbeb41045a2742008c3fdc1d, type: 3}
      propertyPath: m_RootBone
      value: 
      objectReference: {fileID: 2577472740010346135}
    - target: {fileID: 13700006, guid: bfa83e69cbeb41045a2742008c3fdc1d, type: 3}
      propertyPath: m_Bones.Array.data[0]
      value: 
      objectReference: {fileID: 2577472740010346171}
    - target: {fileID: 13700006, guid: bfa83e69cbeb41045a2742008c3fdc1d, type: 3}
      propertyPath: m_Bones.Array.data[1]
      value: 
      objectReference: {fileID: 2577472740010346147}
    - target: {fileID: 13700006, guid: bfa83e69cbeb41045a2742008c3fdc1d, type: 3}
      propertyPath: m_Bones.Array.data[2]
      value: 
      objectReference: {fileID: 2577472740010346201}
    - target: {fileID: 13700006, guid: bfa83e69cbeb41045a2742008c3fdc1d, type: 3}
      propertyPath: m_Bones.Array.data[3]
      value: 
      objectReference: {fileID: 2577472740010346173}
    - target: {fileID: 13700006, guid: bfa83e69cbeb41045a2742008c3fdc1d, type: 3}
      propertyPath: m_RootBone
      value: 
      objectReference: {fileID: 2577472740010346171}
    - target: {fileID: 13700008, guid: bfa83e69cbeb41045a2742008c3fdc1d, type: 3}
      propertyPath: m_Bones.Array.data[0]
      value: 
      objectReference: {fileID: 2577472740010346129}
    - target: {fileID: 13700008, guid: bfa83e69cbeb41045a2742008c3fdc1d, type: 3}
      propertyPath: m_Bones.Array.data[1]
      value: 
      objectReference: {fileID: 2577472740010346141}
    - target: {fileID: 13700008, guid: bfa83e69cbeb41045a2742008c3fdc1d, type: 3}
      propertyPath: m_Bones.Array.data[2]
      value: 
      objectReference: {fileID: 2577472740010346167}
    - target: {fileID: 13700008, guid: bfa83e69cbeb41045a2742008c3fdc1d, type: 3}
      propertyPath: m_Bones.Array.data[3]
      value: 
      objectReference: {fileID: 2577472740010346163}
    - target: {fileID: 13700008, guid: bfa83e69cbeb41045a2742008c3fdc1d, type: 3}
      propertyPath: m_Bones.Array.data[4]
      value: 
      objectReference: {fileID: 2577472740010346169}
    - target: {fileID: 13700008, guid: bfa83e69cbeb41045a2742008c3fdc1d, type: 3}
      propertyPath: m_Bones.Array.data[5]
      value: 
      objectReference: {fileID: 2577472740010346177}
    - target: {fileID: 13700008, guid: bfa83e69cbeb41045a2742008c3fdc1d, type: 3}
      propertyPath: m_Bones.Array.data[6]
      value: 
      objectReference: {fileID: 2577472740010346133}
    - target: {fileID: 13700008, guid: bfa83e69cbeb41045a2742008c3fdc1d, type: 3}
      propertyPath: m_Bones.Array.data[7]
      value: 
      objectReference: {fileID: 2577472740010346131}
    - target: {fileID: 13700008, guid: bfa83e69cbeb41045a2742008c3fdc1d, type: 3}
      propertyPath: m_Bones.Array.data[8]
      value: 
      objectReference: {fileID: 2577472740010346205}
    - target: {fileID: 13700008, guid: bfa83e69cbeb41045a2742008c3fdc1d, type: 3}
      propertyPath: m_Bones.Array.data[9]
      value: 
      objectReference: {fileID: 2577472740010346171}
    - target: {fileID: 13700008, guid: bfa83e69cbeb41045a2742008c3fdc1d, type: 3}
      propertyPath: m_Bones.Array.data[10]
      value: 
      objectReference: {fileID: 2577472740010346135}
    - target: {fileID: 13700008, guid: bfa83e69cbeb41045a2742008c3fdc1d, type: 3}
      propertyPath: m_Bones.Array.data[11]
      value: 
      objectReference: {fileID: 2577472740010346127}
    - target: {fileID: 13700008, guid: bfa83e69cbeb41045a2742008c3fdc1d, type: 3}
      propertyPath: m_Bones.Array.data[12]
      value: 
      objectReference: {fileID: 2577472740010346125}
    - target: {fileID: 13700008, guid: bfa83e69cbeb41045a2742008c3fdc1d, type: 3}
      propertyPath: m_Bones.Array.data[13]
      value: 
      objectReference: {fileID: 2577472740010346161}
    - target: {fileID: 13700008, guid: bfa83e69cbeb41045a2742008c3fdc1d, type: 3}
      propertyPath: m_Bones.Array.data[14]
      value: 
      objectReference: {fileID: 2577472740010346119}
    - target: {fileID: 13700008, guid: bfa83e69cbeb41045a2742008c3fdc1d, type: 3}
      propertyPath: m_Bones.Array.data[15]
      value: 
      objectReference: {fileID: 2577472740010346117}
    - target: {fileID: 13700008, guid: bfa83e69cbeb41045a2742008c3fdc1d, type: 3}
      propertyPath: m_Bones.Array.data[16]
      value: 
      objectReference: {fileID: 2577472740010346143}
    - target: {fileID: 13700008, guid: bfa83e69cbeb41045a2742008c3fdc1d, type: 3}
      propertyPath: m_Bones.Array.data[17]
      value: 
      objectReference: {fileID: 2577472740010346165}
    - target: {fileID: 13700008, guid: bfa83e69cbeb41045a2742008c3fdc1d, type: 3}
      propertyPath: m_Bones.Array.data[18]
      value: 
      objectReference: {fileID: 2577472740010346137}
    - target: {fileID: 13700008, guid: bfa83e69cbeb41045a2742008c3fdc1d, type: 3}
      propertyPath: m_Bones.Array.data[19]
      value: 
      objectReference: {fileID: 2577472740010346145}
    - target: {fileID: 13700008, guid: bfa83e69cbeb41045a2742008c3fdc1d, type: 3}
      propertyPath: m_Bones.Array.data[20]
      value: 
      objectReference: {fileID: 2577472740010346203}
    - target: {fileID: 13700008, guid: bfa83e69cbeb41045a2742008c3fdc1d, type: 3}
      propertyPath: m_Bones.Array.data[21]
      value: 
      objectReference: {fileID: 2577472740010346199}
    - target: {fileID: 13700008, guid: bfa83e69cbeb41045a2742008c3fdc1d, type: 3}
      propertyPath: m_Bones.Array.data[22]
      value: 
      objectReference: {fileID: 2577472740010346155}
    - target: {fileID: 13700008, guid: bfa83e69cbeb41045a2742008c3fdc1d, type: 3}
      propertyPath: m_Bones.Array.data[23]
      value: 
      objectReference: {fileID: 2577472740010346195}
    - target: {fileID: 13700008, guid: bfa83e69cbeb41045a2742008c3fdc1d, type: 3}
      propertyPath: m_Bones.Array.data[24]
      value: 
      objectReference: {fileID: 2577472740010346197}
    - target: {fileID: 13700008, guid: bfa83e69cbeb41045a2742008c3fdc1d, type: 3}
      propertyPath: m_Bones.Array.data[25]
      value: 
      objectReference: {fileID: 2577472740010346193}
    - target: {fileID: 13700008, guid: bfa83e69cbeb41045a2742008c3fdc1d, type: 3}
      propertyPath: m_Bones.Array.data[26]
      value: 
      objectReference: {fileID: 2577472740010346147}
    - target: {fileID: 13700008, guid: bfa83e69cbeb41045a2742008c3fdc1d, type: 3}
      propertyPath: m_Bones.Array.data[27]
      value: 
      objectReference: {fileID: 2577472740010346201}
    - target: {fileID: 13700008, guid: bfa83e69cbeb41045a2742008c3fdc1d, type: 3}
      propertyPath: m_Bones.Array.data[28]
      value: 
      objectReference: {fileID: 2577472740010346173}
    - target: {fileID: 13700008, guid: bfa83e69cbeb41045a2742008c3fdc1d, type: 3}
      propertyPath: m_Bones.Array.data[29]
      value: 
      objectReference: {fileID: 2577472740010346153}
    - target: {fileID: 13700008, guid: bfa83e69cbeb41045a2742008c3fdc1d, type: 3}
      propertyPath: m_RootBone
      value: 
      objectReference: {fileID: 2577472740010346205}
    - target: {fileID: 13700010, guid: bfa83e69cbeb41045a2742008c3fdc1d, type: 3}
      propertyPath: m_Bones.Array.data[0]
      value: 
      objectReference: {fileID: 2577472740010346143}
    - target: {fileID: 13700010, guid: bfa83e69cbeb41045a2742008c3fdc1d, type: 3}
      propertyPath: m_Bones.Array.data[1]
      value: 
      objectReference: {fileID: 2577472740010346165}
    - target: {fileID: 13700010, guid: bfa83e69cbeb41045a2742008c3fdc1d, type: 3}
      propertyPath: m_Bones.Array.data[2]
      value: 
      objectReference: {fileID: 2577472740010346137}
    - target: {fileID: 13700010, guid: bfa83e69cbeb41045a2742008c3fdc1d, type: 3}
      propertyPath: m_RootBone
      value: 
      objectReference: {fileID: 2577472740010346143}
    - target: {fileID: 13700012, guid: bfa83e69cbeb41045a2742008c3fdc1d, type: 3}
      propertyPath: m_Bones.Array.data[0]
      value: 
      objectReference: {fileID: 2577472740010346143}
    - target: {fileID: 13700012, guid: bfa83e69cbeb41045a2742008c3fdc1d, type: 3}
      propertyPath: m_Bones.Array.data[1]
      value: 
      objectReference: {fileID: 2577472740010346165}
    - target: {fileID: 13700012, guid: bfa83e69cbeb41045a2742008c3fdc1d, type: 3}
      propertyPath: m_Bones.Array.data[2]
      value: 
      objectReference: {fileID: 2577472740010346137}
    - target: {fileID: 13700012, guid: bfa83e69cbeb41045a2742008c3fdc1d, type: 3}
      propertyPath: m_RootBone
      value: 
      objectReference: {fileID: 2577472740010346143}
    - target: {fileID: 13700014, guid: bfa83e69cbeb41045a2742008c3fdc1d, type: 3}
      propertyPath: m_Bones.Array.data[0]
      value: 
      objectReference: {fileID: 2577472740010346143}
    - target: {fileID: 13700014, guid: bfa83e69cbeb41045a2742008c3fdc1d, type: 3}
      propertyPath: m_Bones.Array.data[1]
      value: 
      objectReference: {fileID: 2577472740010346165}
    - target: {fileID: 13700014, guid: bfa83e69cbeb41045a2742008c3fdc1d, type: 3}
      propertyPath: m_Bones.Array.data[2]
      value: 
      objectReference: {fileID: 2577472740010346137}
    - target: {fileID: 13700014, guid: bfa83e69cbeb41045a2742008c3fdc1d, type: 3}
      propertyPath: m_RootBone
      value: 
      objectReference: {fileID: 2577472740010346143}
    - target: {fileID: 13700016, guid: bfa83e69cbeb41045a2742008c3fdc1d, type: 3}
      propertyPath: m_Bones.Array.data[0]
      value: 
      objectReference: {fileID: 2577472740010346143}
    - target: {fileID: 13700016, guid: bfa83e69cbeb41045a2742008c3fdc1d, type: 3}
      propertyPath: m_Bones.Array.data[1]
      value: 
      objectReference: {fileID: 2577472740010346165}
    - target: {fileID: 13700016, guid: bfa83e69cbeb41045a2742008c3fdc1d, type: 3}
      propertyPath: m_Bones.Array.data[2]
      value: 
      objectReference: {fileID: 2577472740010346137}
    - target: {fileID: 13700016, guid: bfa83e69cbeb41045a2742008c3fdc1d, type: 3}
      propertyPath: m_RootBone
      value: 
      objectReference: {fileID: 2577472740010346143}
    - target: {fileID: 13700018, guid: bfa83e69cbeb41045a2742008c3fdc1d, type: 3}
      propertyPath: m_Bones.Array.data[0]
      value: 
      objectReference: {fileID: 2577472740010346143}
    - target: {fileID: 13700018, guid: bfa83e69cbeb41045a2742008c3fdc1d, type: 3}
      propertyPath: m_Bones.Array.data[1]
      value: 
      objectReference: {fileID: 2577472740010346165}
    - target: {fileID: 13700018, guid: bfa83e69cbeb41045a2742008c3fdc1d, type: 3}
      propertyPath: m_Bones.Array.data[2]
      value: 
      objectReference: {fileID: 2577472740010346137}
    - target: {fileID: 13700018, guid: bfa83e69cbeb41045a2742008c3fdc1d, type: 3}
      propertyPath: m_Bones.Array.data[3]
      value: 
      objectReference: {fileID: 2577472740010346135}
    - target: {fileID: 13700018, guid: bfa83e69cbeb41045a2742008c3fdc1d, type: 3}
      propertyPath: m_RootBone
      value: 
      objectReference: {fileID: 2577472740010346135}
    - target: {fileID: 13700020, guid: bfa83e69cbeb41045a2742008c3fdc1d, type: 3}
      propertyPath: m_Bones.Array.data[0]
      value: 
      objectReference: {fileID: 2577472740010346147}
    - target: {fileID: 13700020, guid: bfa83e69cbeb41045a2742008c3fdc1d, type: 3}
      propertyPath: m_Bones.Array.data[1]
      value: 
      objectReference: {fileID: 2577472740010346201}
    - target: {fileID: 13700020, guid: bfa83e69cbeb41045a2742008c3fdc1d, type: 3}
      propertyPath: m_Bones.Array.data[2]
      value: 
      objectReference: {fileID: 2577472740010346173}
    - target: {fileID: 13700020, guid: bfa83e69cbeb41045a2742008c3fdc1d, type: 3}
      propertyPath: m_RootBone
      value: 
      objectReference: {fileID: 2577472740010346147}
    - target: {fileID: 13700022, guid: bfa83e69cbeb41045a2742008c3fdc1d, type: 3}
      propertyPath: m_Bones.Array.data[0]
      value: 
      objectReference: {fileID: 2577472740010346147}
    - target: {fileID: 13700022, guid: bfa83e69cbeb41045a2742008c3fdc1d, type: 3}
      propertyPath: m_Bones.Array.data[1]
      value: 
      objectReference: {fileID: 2577472740010346201}
    - target: {fileID: 13700022, guid: bfa83e69cbeb41045a2742008c3fdc1d, type: 3}
      propertyPath: m_Bones.Array.data[2]
      value: 
      objectReference: {fileID: 2577472740010346173}
    - target: {fileID: 13700022, guid: bfa83e69cbeb41045a2742008c3fdc1d, type: 3}
      propertyPath: m_RootBone
      value: 
      objectReference: {fileID: 2577472740010346147}
    - target: {fileID: 13700024, guid: bfa83e69cbeb41045a2742008c3fdc1d, type: 3}
      propertyPath: m_Bones.Array.data[0]
      value: 
      objectReference: {fileID: 2577472740010346147}
    - target: {fileID: 13700024, guid: bfa83e69cbeb41045a2742008c3fdc1d, type: 3}
      propertyPath: m_Bones.Array.data[1]
      value: 
      objectReference: {fileID: 2577472740010346201}
    - target: {fileID: 13700024, guid: bfa83e69cbeb41045a2742008c3fdc1d, type: 3}
      propertyPath: m_Bones.Array.data[2]
      value: 
      objectReference: {fileID: 2577472740010346173}
    - target: {fileID: 13700024, guid: bfa83e69cbeb41045a2742008c3fdc1d, type: 3}
      propertyPath: m_RootBone
      value: 
      objectReference: {fileID: 2577472740010346147}
    - target: {fileID: 13700026, guid: bfa83e69cbeb41045a2742008c3fdc1d, type: 3}
      propertyPath: m_Bones.Array.data[0]
      value: 
      objectReference: {fileID: 2577472740010346147}
    - target: {fileID: 13700026, guid: bfa83e69cbeb41045a2742008c3fdc1d, type: 3}
      propertyPath: m_Bones.Array.data[1]
      value: 
      objectReference: {fileID: 2577472740010346201}
    - target: {fileID: 13700026, guid: bfa83e69cbeb41045a2742008c3fdc1d, type: 3}
      propertyPath: m_Bones.Array.data[2]
      value: 
      objectReference: {fileID: 2577472740010346173}
    - target: {fileID: 13700026, guid: bfa83e69cbeb41045a2742008c3fdc1d, type: 3}
      propertyPath: m_RootBone
      value: 
      objectReference: {fileID: 2577472740010346147}
    - target: {fileID: 13700028, guid: bfa83e69cbeb41045a2742008c3fdc1d, type: 3}
      propertyPath: m_Bones.Array.data[0]
      value: 
      objectReference: {fileID: 2577472740010346147}
    - target: {fileID: 13700028, guid: bfa83e69cbeb41045a2742008c3fdc1d, type: 3}
      propertyPath: m_Bones.Array.data[1]
      value: 
      objectReference: {fileID: 2577472740010346201}
    - target: {fileID: 13700028, guid: bfa83e69cbeb41045a2742008c3fdc1d, type: 3}
      propertyPath: m_Bones.Array.data[2]
      value: 
      objectReference: {fileID: 2577472740010346173}
    - target: {fileID: 13700028, guid: bfa83e69cbeb41045a2742008c3fdc1d, type: 3}
      propertyPath: m_Bones.Array.data[3]
      value: 
      objectReference: {fileID: 2577472740010346171}
    - target: {fileID: 13700028, guid: bfa83e69cbeb41045a2742008c3fdc1d, type: 3}
      propertyPath: m_RootBone
      value: 
      objectReference: {fileID: 2577472740010346171}
    - target: {fileID: 13700030, guid: bfa83e69cbeb41045a2742008c3fdc1d, type: 3}
      propertyPath: m_Bones.Array.data[0]
      value: 
      objectReference: {fileID: 2577472740010346169}
    - target: {fileID: 13700030, guid: bfa83e69cbeb41045a2742008c3fdc1d, type: 3}
      propertyPath: m_Bones.Array.data[1]
      value: 
      objectReference: {fileID: 2577472740010346177}
    - target: {fileID: 13700030, guid: bfa83e69cbeb41045a2742008c3fdc1d, type: 3}
      propertyPath: m_Bones.Array.data[2]
      value: 
      objectReference: {fileID: 2577472740010346129}
    - target: {fileID: 13700030, guid: bfa83e69cbeb41045a2742008c3fdc1d, type: 3}
      propertyPath: m_RootBone
      value: 
      objectReference: {fileID: 2577472740010346129}
    - target: {fileID: 13700032, guid: bfa83e69cbeb41045a2742008c3fdc1d, type: 3}
      propertyPath: m_Bones.Array.data[0]
      value: 
      objectReference: {fileID: 2577472740010346177}
    - target: {fileID: 13700032, guid: bfa83e69cbeb41045a2742008c3fdc1d, type: 3}
      propertyPath: m_RootBone
      value: 
      objectReference: {fileID: 2577472740010346177}
    - target: {fileID: 13700034, guid: bfa83e69cbeb41045a2742008c3fdc1d, type: 3}
      propertyPath: m_Bones.Array.data[0]
      value: 
      objectReference: {fileID: 2577472740010346177}
    - target: {fileID: 13700034, guid: bfa83e69cbeb41045a2742008c3fdc1d, type: 3}
      propertyPath: m_RootBone
      value: 
      objectReference: {fileID: 2577472740010346177}
    - target: {fileID: 13700036, guid: bfa83e69cbeb41045a2742008c3fdc1d, type: 3}
      propertyPath: m_Bones.Array.data[0]
      value: 
      objectReference: {fileID: 2577472740010346177}
    - target: {fileID: 13700036, guid: bfa83e69cbeb41045a2742008c3fdc1d, type: 3}
      propertyPath: m_RootBone
      value: 
      objectReference: {fileID: 2577472740010346177}
    - target: {fileID: 13700038, guid: bfa83e69cbeb41045a2742008c3fdc1d, type: 3}
      propertyPath: m_Bones.Array.data[0]
      value: 
      objectReference: {fileID: 2577472740010346177}
    - target: {fileID: 13700038, guid: bfa83e69cbeb41045a2742008c3fdc1d, type: 3}
      propertyPath: m_RootBone
      value: 
      objectReference: {fileID: 2577472740010346177}
    - target: {fileID: 13700040, guid: bfa83e69cbeb41045a2742008c3fdc1d, type: 3}
      propertyPath: m_Bones.Array.data[0]
      value: 
      objectReference: {fileID: 2577472740010346177}
    - target: {fileID: 13700040, guid: bfa83e69cbeb41045a2742008c3fdc1d, type: 3}
      propertyPath: m_Bones.Array.data[1]
      value: 
      objectReference: {fileID: 2577472740010346169}
    - target: {fileID: 13700040, guid: bfa83e69cbeb41045a2742008c3fdc1d, type: 3}
      propertyPath: m_Bones.Array.data[2]
      value: 
      objectReference: {fileID: 2577472740010346129}
    - target: {fileID: 13700040, guid: bfa83e69cbeb41045a2742008c3fdc1d, type: 3}
      propertyPath: m_RootBone
      value: 
      objectReference: {fileID: 2577472740010346129}
    - target: {fileID: 13700044, guid: bfa83e69cbeb41045a2742008c3fdc1d, type: 3}
      propertyPath: m_Bones.Array.data[0]
      value: 
      objectReference: {fileID: 2577472740010346193}
    - target: {fileID: 13700044, guid: bfa83e69cbeb41045a2742008c3fdc1d, type: 3}
      propertyPath: m_Bones.Array.data[1]
      value: 
      objectReference: {fileID: 2577472740010346159}
    - target: {fileID: 13700044, guid: bfa83e69cbeb41045a2742008c3fdc1d, type: 3}
      propertyPath: m_Bones.Array.data[2]
      value: 
      objectReference: {fileID: 2577472740010346153}
    - target: {fileID: 13700044, guid: bfa83e69cbeb41045a2742008c3fdc1d, type: 3}
      propertyPath: m_Bones.Array.data[3]
      value: 
      objectReference: {fileID: 2577472740010346151}
    - target: {fileID: 13700044, guid: bfa83e69cbeb41045a2742008c3fdc1d, type: 3}
      propertyPath: m_Bones.Array.data[4]
      value: 
      objectReference: {fileID: 2577472740010346155}
    - target: {fileID: 13700044, guid: bfa83e69cbeb41045a2742008c3fdc1d, type: 3}
      propertyPath: m_Bones.Array.data[5]
      value: 
      objectReference: {fileID: 2577472740010346195}
    - target: {fileID: 13700044, guid: bfa83e69cbeb41045a2742008c3fdc1d, type: 3}
      propertyPath: m_Bones.Array.data[6]
      value: 
      objectReference: {fileID: 2577472740010346199}
    - target: {fileID: 13700044, guid: bfa83e69cbeb41045a2742008c3fdc1d, type: 3}
      propertyPath: m_Bones.Array.data[7]
      value: 
      objectReference: {fileID: 2577472740010346197}
    - target: {fileID: 13700044, guid: bfa83e69cbeb41045a2742008c3fdc1d, type: 3}
      propertyPath: m_Bones.Array.data[8]
      value: 
      objectReference: {fileID: 2577472740010346203}
    - target: {fileID: 13700044, guid: bfa83e69cbeb41045a2742008c3fdc1d, type: 3}
      propertyPath: m_RootBone
      value: 
      objectReference: {fileID: 2577472740010346203}
    - target: {fileID: 13700046, guid: bfa83e69cbeb41045a2742008c3fdc1d, type: 3}
      propertyPath: m_Bones.Array.data[0]
      value: 
      objectReference: {fileID: 2577472740010346127}
    - target: {fileID: 13700046, guid: bfa83e69cbeb41045a2742008c3fdc1d, type: 3}
      propertyPath: m_Bones.Array.data[1]
      value: 
      objectReference: {fileID: 2577472740010346125}
    - target: {fileID: 13700046, guid: bfa83e69cbeb41045a2742008c3fdc1d, type: 3}
      propertyPath: m_Bones.Array.data[2]
      value: 
      objectReference: {fileID: 2577472740010346163}
    - target: {fileID: 13700046, guid: bfa83e69cbeb41045a2742008c3fdc1d, type: 3}
      propertyPath: m_Bones.Array.data[3]
      value: 
      objectReference: {fileID: 2577472740010346161}
    - target: {fileID: 13700046, guid: bfa83e69cbeb41045a2742008c3fdc1d, type: 3}
      propertyPath: m_Bones.Array.data[4]
      value: 
      objectReference: {fileID: 2577472740010346119}
    - target: {fileID: 13700046, guid: bfa83e69cbeb41045a2742008c3fdc1d, type: 3}
      propertyPath: m_Bones.Array.data[5]
      value: 
      objectReference: {fileID: 2577472740010346123}
    - target: {fileID: 13700046, guid: bfa83e69cbeb41045a2742008c3fdc1d, type: 3}
      propertyPath: m_Bones.Array.data[6]
      value: 
      objectReference: {fileID: 2577472740010346117}
    - target: {fileID: 13700046, guid: bfa83e69cbeb41045a2742008c3fdc1d, type: 3}
      propertyPath: m_Bones.Array.data[7]
      value: 
      objectReference: {fileID: 2577472740010346115}
    - target: {fileID: 13700046, guid: bfa83e69cbeb41045a2742008c3fdc1d, type: 3}
      propertyPath: m_Bones.Array.data[8]
      value: 
      objectReference: {fileID: 2577472740010346167}
    - target: {fileID: 13700046, guid: bfa83e69cbeb41045a2742008c3fdc1d, type: 3}
      propertyPath: m_RootBone
      value: 
      objectReference: {fileID: 2577472740010346167}
    - target: {fileID: 13700048, guid: bfa83e69cbeb41045a2742008c3fdc1d, type: 3}
      propertyPath: m_Bones.Array.data[0]
      value: 
      objectReference: {fileID: 2577472740010346143}
    - target: {fileID: 13700048, guid: bfa83e69cbeb41045a2742008c3fdc1d, type: 3}
      propertyPath: m_Bones.Array.data[1]
      value: 
      objectReference: {fileID: 2577472740010346165}
    - target: {fileID: 13700048, guid: bfa83e69cbeb41045a2742008c3fdc1d, type: 3}
      propertyPath: m_Bones.Array.data[2]
      value: 
      objectReference: {fileID: 2577472740010346137}
    - target: {fileID: 13700048, guid: bfa83e69cbeb41045a2742008c3fdc1d, type: 3}
      propertyPath: m_Bones.Array.data[3]
      value: 
      objectReference: {fileID: 2577472740010346135}
    - target: {fileID: 13700048, guid: bfa83e69cbeb41045a2742008c3fdc1d, type: 3}
      propertyPath: m_RootBone
      value: 
      objectReference: {fileID: 2577472740010346135}
    - target: {fileID: 13700050, guid: bfa83e69cbeb41045a2742008c3fdc1d, type: 3}
      propertyPath: m_Bones.Array.data[0]
      value: 
      objectReference: {fileID: 2577472740010346147}
    - target: {fileID: 13700050, guid: bfa83e69cbeb41045a2742008c3fdc1d, type: 3}
      propertyPath: m_Bones.Array.data[1]
      value: 
      objectReference: {fileID: 2577472740010346201}
    - target: {fileID: 13700050, guid: bfa83e69cbeb41045a2742008c3fdc1d, type: 3}
      propertyPath: m_Bones.Array.data[2]
      value: 
      objectReference: {fileID: 2577472740010346173}
    - target: {fileID: 13700050, guid: bfa83e69cbeb41045a2742008c3fdc1d, type: 3}
      propertyPath: m_Bones.Array.data[3]
      value: 
      objectReference: {fileID: 2577472740010346171}
    - target: {fileID: 13700050, guid: bfa83e69cbeb41045a2742008c3fdc1d, type: 3}
      propertyPath: m_RootBone
      value: 
      objectReference: {fileID: 2577472740010346171}
    m_RemovedComponents: []
  m_SourcePrefab: {fileID: 100100000, guid: bfa83e69cbeb41045a2742008c3fdc1d, type: 3}
--- !u!4 &2577472740010346147 stripped
Transform:
  m_CorrespondingSourceObject: {fileID: 400076, guid: bfa83e69cbeb41045a2742008c3fdc1d,
    type: 3}
  m_PrefabInstance: {fileID: 2577472740010744943}
  m_PrefabAsset: {fileID: 0}
--- !u!4 &2577472740010346201 stripped
Transform:
  m_CorrespondingSourceObject: {fileID: 400054, guid: bfa83e69cbeb41045a2742008c3fdc1d,
    type: 3}
  m_PrefabInstance: {fileID: 2577472740010744943}
  m_PrefabAsset: {fileID: 0}
--- !u!4 &2577472740010346173 stripped
Transform:
  m_CorrespondingSourceObject: {fileID: 400082, guid: bfa83e69cbeb41045a2742008c3fdc1d,
    type: 3}
  m_PrefabInstance: {fileID: 2577472740010744943}
  m_PrefabAsset: {fileID: 0}
--- !u!4 &2577472740010346135 stripped
Transform:
  m_CorrespondingSourceObject: {fileID: 400120, guid: bfa83e69cbeb41045a2742008c3fdc1d,
    type: 3}
  m_PrefabInstance: {fileID: 2577472740010744943}
  m_PrefabAsset: {fileID: 0}
--- !u!4 &2577472740010346143 stripped
Transform:
  m_CorrespondingSourceObject: {fileID: 400112, guid: bfa83e69cbeb41045a2742008c3fdc1d,
    type: 3}
  m_PrefabInstance: {fileID: 2577472740010744943}
  m_PrefabAsset: {fileID: 0}
--- !u!4 &2577472740010346165 stripped
Transform:
  m_CorrespondingSourceObject: {fileID: 400090, guid: bfa83e69cbeb41045a2742008c3fdc1d,
    type: 3}
  m_PrefabInstance: {fileID: 2577472740010744943}
  m_PrefabAsset: {fileID: 0}
--- !u!4 &2577472740010346137 stripped
Transform:
  m_CorrespondingSourceObject: {fileID: 400118, guid: bfa83e69cbeb41045a2742008c3fdc1d,
    type: 3}
  m_PrefabInstance: {fileID: 2577472740010744943}
  m_PrefabAsset: {fileID: 0}
--- !u!4 &2577472740010346133 stripped
Transform:
  m_CorrespondingSourceObject: {fileID: 400122, guid: bfa83e69cbeb41045a2742008c3fdc1d,
    type: 3}
  m_PrefabInstance: {fileID: 2577472740010744943}
  m_PrefabAsset: {fileID: 0}
--- !u!4 &2577472740010346131 stripped
Transform:
  m_CorrespondingSourceObject: {fileID: 400124, guid: bfa83e69cbeb41045a2742008c3fdc1d,
    type: 3}
  m_PrefabInstance: {fileID: 2577472740010744943}
  m_PrefabAsset: {fileID: 0}
--- !u!4 &2577472740010346129 stripped
Transform:
  m_CorrespondingSourceObject: {fileID: 400126, guid: bfa83e69cbeb41045a2742008c3fdc1d,
    type: 3}
  m_PrefabInstance: {fileID: 2577472740010744943}
  m_PrefabAsset: {fileID: 0}
--- !u!4 &2577472740010346145 stripped
Transform:
  m_CorrespondingSourceObject: {fileID: 400078, guid: bfa83e69cbeb41045a2742008c3fdc1d,
    type: 3}
  m_PrefabInstance: {fileID: 2577472740010744943}
  m_PrefabAsset: {fileID: 0}
--- !u!4 &2577472740010346203 stripped
Transform:
  m_CorrespondingSourceObject: {fileID: 400052, guid: bfa83e69cbeb41045a2742008c3fdc1d,
    type: 3}
  m_PrefabInstance: {fileID: 2577472740010744943}
  m_PrefabAsset: {fileID: 0}
--- !u!4 &2577472740010346199 stripped
Transform:
  m_CorrespondingSourceObject: {fileID: 400056, guid: bfa83e69cbeb41045a2742008c3fdc1d,
    type: 3}
  m_PrefabInstance: {fileID: 2577472740010744943}
  m_PrefabAsset: {fileID: 0}
--- !u!4 &2577472740010346197 stripped
Transform:
  m_CorrespondingSourceObject: {fileID: 400058, guid: bfa83e69cbeb41045a2742008c3fdc1d,
    type: 3}
  m_PrefabInstance: {fileID: 2577472740010744943}
  m_PrefabAsset: {fileID: 0}
--- !u!4 &2577472740010346195 stripped
Transform:
  m_CorrespondingSourceObject: {fileID: 400060, guid: bfa83e69cbeb41045a2742008c3fdc1d,
    type: 3}
  m_PrefabInstance: {fileID: 2577472740010744943}
  m_PrefabAsset: {fileID: 0}
--- !u!4 &2577472740010346193 stripped
Transform:
  m_CorrespondingSourceObject: {fileID: 400062, guid: bfa83e69cbeb41045a2742008c3fdc1d,
    type: 3}
  m_PrefabInstance: {fileID: 2577472740010744943}
  m_PrefabAsset: {fileID: 0}
--- !u!4 &2577472740010346159 stripped
Transform:
  m_CorrespondingSourceObject: {fileID: 400064, guid: bfa83e69cbeb41045a2742008c3fdc1d,
    type: 3}
  m_PrefabInstance: {fileID: 2577472740010744943}
  m_PrefabAsset: {fileID: 0}
--- !u!4 &2577472740010346155 stripped
Transform:
  m_CorrespondingSourceObject: {fileID: 400068, guid: bfa83e69cbeb41045a2742008c3fdc1d,
    type: 3}
  m_PrefabInstance: {fileID: 2577472740010744943}
  m_PrefabAsset: {fileID: 0}
--- !u!4 &2577472740010346153 stripped
Transform:
  m_CorrespondingSourceObject: {fileID: 400070, guid: bfa83e69cbeb41045a2742008c3fdc1d,
    type: 3}
  m_PrefabInstance: {fileID: 2577472740010744943}
  m_PrefabAsset: {fileID: 0}
--- !u!4 &2577472740010346151 stripped
Transform:
  m_CorrespondingSourceObject: {fileID: 400072, guid: bfa83e69cbeb41045a2742008c3fdc1d,
    type: 3}
  m_PrefabInstance: {fileID: 2577472740010744943}
  m_PrefabAsset: {fileID: 0}
--- !u!4 &2577472740010346169 stripped
Transform:
  m_CorrespondingSourceObject: {fileID: 400086, guid: bfa83e69cbeb41045a2742008c3fdc1d,
    type: 3}
  m_PrefabInstance: {fileID: 2577472740010744943}
  m_PrefabAsset: {fileID: 0}
--- !u!4 &2577472740010346177 stripped
Transform:
  m_CorrespondingSourceObject: {fileID: 400046, guid: bfa83e69cbeb41045a2742008c3fdc1d,
    type: 3}
  m_PrefabInstance: {fileID: 2577472740010744943}
  m_PrefabAsset: {fileID: 0}
--- !u!4 &2577472740010346141 stripped
Transform:
  m_CorrespondingSourceObject: {fileID: 400114, guid: bfa83e69cbeb41045a2742008c3fdc1d,
    type: 3}
  m_PrefabInstance: {fileID: 2577472740010744943}
  m_PrefabAsset: {fileID: 0}
--- !u!4 &2577472740010346351 stripped
Transform:
  m_CorrespondingSourceObject: {fileID: 400128, guid: bfa83e69cbeb41045a2742008c3fdc1d,
    type: 3}
  m_PrefabInstance: {fileID: 2577472740010744943}
  m_PrefabAsset: {fileID: 0}
--- !u!4 &2577472740010346163 stripped
Transform:
  m_CorrespondingSourceObject: {fileID: 400092, guid: bfa83e69cbeb41045a2742008c3fdc1d,
    type: 3}
  m_PrefabInstance: {fileID: 2577472740010744943}
  m_PrefabAsset: {fileID: 0}
--- !u!1 &2577472740010646161 stripped
GameObject:
  m_CorrespondingSourceObject: {fileID: 100094, guid: bfa83e69cbeb41045a2742008c3fdc1d,
    type: 3}
  m_PrefabInstance: {fileID: 2577472740010744943}
  m_PrefabAsset: {fileID: 0}
--- !u!4 &2577472740010346161 stripped
Transform:
  m_CorrespondingSourceObject: {fileID: 400094, guid: bfa83e69cbeb41045a2742008c3fdc1d,
    type: 3}
  m_PrefabInstance: {fileID: 2577472740010744943}
  m_PrefabAsset: {fileID: 0}
--- !u!4 &2577472740010346127 stripped
Transform:
  m_CorrespondingSourceObject: {fileID: 400096, guid: bfa83e69cbeb41045a2742008c3fdc1d,
    type: 3}
  m_PrefabInstance: {fileID: 2577472740010744943}
  m_PrefabAsset: {fileID: 0}
--- !u!4 &2577472740010346125 stripped
Transform:
  m_CorrespondingSourceObject: {fileID: 400098, guid: bfa83e69cbeb41045a2742008c3fdc1d,
    type: 3}
  m_PrefabInstance: {fileID: 2577472740010744943}
  m_PrefabAsset: {fileID: 0}
--- !u!4 &2577472740010346123 stripped
Transform:
  m_CorrespondingSourceObject: {fileID: 400100, guid: bfa83e69cbeb41045a2742008c3fdc1d,
    type: 3}
  m_PrefabInstance: {fileID: 2577472740010744943}
  m_PrefabAsset: {fileID: 0}
--- !u!4 &2577472740010346167 stripped
Transform:
  m_CorrespondingSourceObject: {fileID: 400088, guid: bfa83e69cbeb41045a2742008c3fdc1d,
    type: 3}
  m_PrefabInstance: {fileID: 2577472740010744943}
  m_PrefabAsset: {fileID: 0}
--- !u!4 &2577472740010346117 stripped
Transform:
  m_CorrespondingSourceObject: {fileID: 400106, guid: bfa83e69cbeb41045a2742008c3fdc1d,
    type: 3}
  m_PrefabInstance: {fileID: 2577472740010744943}
  m_PrefabAsset: {fileID: 0}
--- !u!4 &2577472740010346115 stripped
Transform:
  m_CorrespondingSourceObject: {fileID: 400108, guid: bfa83e69cbeb41045a2742008c3fdc1d,
    type: 3}
  m_PrefabInstance: {fileID: 2577472740010744943}
  m_PrefabAsset: {fileID: 0}
--- !u!1 &2577472740010646351 stripped
GameObject:
  m_CorrespondingSourceObject: {fileID: 100128, guid: bfa83e69cbeb41045a2742008c3fdc1d,
    type: 3}
  m_PrefabInstance: {fileID: 2577472740010744943}
  m_PrefabAsset: {fileID: 0}
--- !u!4 &2577472740010346183 stripped
Transform:
  m_CorrespondingSourceObject: {fileID: 400040, guid: bfa83e69cbeb41045a2742008c3fdc1d,
    type: 3}
  m_PrefabInstance: {fileID: 2577472740010744943}
  m_PrefabAsset: {fileID: 0}
--- !u!4 &2577472740010346205 stripped
Transform:
  m_CorrespondingSourceObject: {fileID: 400050, guid: bfa83e69cbeb41045a2742008c3fdc1d,
    type: 3}
  m_PrefabInstance: {fileID: 2577472740010744943}
  m_PrefabAsset: {fileID: 0}
--- !u!4 &2577472740010346171 stripped
Transform:
  m_CorrespondingSourceObject: {fileID: 400084, guid: bfa83e69cbeb41045a2742008c3fdc1d,
    type: 3}
  m_PrefabInstance: {fileID: 2577472740010744943}
  m_PrefabAsset: {fileID: 0}
--- !u!4 &2577472740010346119 stripped
Transform:
  m_CorrespondingSourceObject: {fileID: 400104, guid: bfa83e69cbeb41045a2742008c3fdc1d,
    type: 3}
  m_PrefabInstance: {fileID: 2577472740010744943}
  m_PrefabAsset: {fileID: 0}
