%YAML 1.1
%TAG !u! tag:unity3d.com,2011:
--- !u!1 &6215212028506464064
GameObject:
  m_ObjectHideFlags: 0
  m_CorrespondingSourceObject: {fileID: 0}
  m_PrefabInstance: {fileID: 0}
  m_PrefabAsset: {fileID: 0}
  serializedVersion: 6
  m_Component:
  - component: {fileID: 6215212028506464091}
  - component: {fileID: 6215212028506464092}
  - component: {fileID: 6215212028506464093}
  - component: {fileID: 6215212028506464094}
  - component: {fileID: 6215212028506464095}
  m_Layer: 0
  m_Name: Orc
  m_TagString: Hostile
  m_Icon: {fileID: 0}
  m_NavMeshLayer: 0
  m_StaticEditorFlags: 0
  m_IsActive: 1
--- !u!4 &6215212028506464091
Transform:
  m_ObjectHideFlags: 0
  m_CorrespondingSourceObject: {fileID: 0}
  m_PrefabInstance: {fileID: 0}
  m_PrefabAsset: {fileID: 0}
  m_GameObject: {fileID: 6215212028506464064}
  m_LocalRotation: {x: -0, y: -0, z: -0, w: 1}
  m_LocalPosition: {x: 263.72, y: 9.876, z: 265.57}
  m_LocalScale: {x: 3.6485152, y: 3.6485152, z: 3.6485152}
  m_Children:
  - {fileID: 6215212030206010003}
  - {fileID: 6215212029961888737}
  m_Father: {fileID: 0}
  m_RootOrder: 0
  m_LocalEulerAnglesHint: {x: 0, y: 0, z: 0}
--- !u!136 &6215212028506464092
CapsuleCollider:
  m_ObjectHideFlags: 0
  m_CorrespondingSourceObject: {fileID: 0}
  m_PrefabInstance: {fileID: 0}
  m_PrefabAsset: {fileID: 0}
  m_GameObject: {fileID: 6215212028506464064}
  m_Material: {fileID: 0}
  m_IsTrigger: 0
  m_Enabled: 1
  m_Radius: 0.34313685
  m_Height: 2
  m_Direction: 1
  m_Center: {x: 0, y: 0, z: 0}
--- !u!195 &6215212028506464093
NavMeshAgent:
  m_ObjectHideFlags: 0
  m_CorrespondingSourceObject: {fileID: 0}
  m_PrefabInstance: {fileID: 0}
  m_PrefabAsset: {fileID: 0}
  m_GameObject: {fileID: 6215212028506464064}
  m_Enabled: 1
  m_AgentTypeID: 0
  m_Radius: 0.6
  m_Speed: 4
  m_Acceleration: 50
  avoidancePriority: 50
  m_AngularSpeed: 120
  m_StoppingDistance: 3
  m_AutoTraverseOffMeshLink: 1
  m_AutoBraking: 0
  m_AutoRepath: 1
  m_Height: 2
  m_BaseOffset: 1
  m_WalkableMask: 4294967295
  m_ObstacleAvoidanceType: 4
--- !u!114 &6215212028506464094
MonoBehaviour:
  m_ObjectHideFlags: 0
  m_CorrespondingSourceObject: {fileID: 0}
  m_PrefabInstance: {fileID: 0}
  m_PrefabAsset: {fileID: 0}
  m_GameObject: {fileID: 6215212028506464064}
  m_Enabled: 1
  m_EditorHideFlags: 0
  m_Script: {fileID: 11500000, guid: 0e46d40a0dbd8ba4b80bd527d180df5c, type: 3}
  m_Name: 
  m_EditorClassIdentifier: 
  lookRadius: 10
  Drop: OrcHorn
  AttackRadius: 5
  GoldReward: 300
--- !u!114 &6215212028506464095
MonoBehaviour:
  m_ObjectHideFlags: 0
  m_CorrespondingSourceObject: {fileID: 0}
  m_PrefabInstance: {fileID: 0}
  m_PrefabAsset: {fileID: 0}
  m_GameObject: {fileID: 6215212028506464064}
  m_Enabled: 1
  m_EditorHideFlags: 0
  m_Script: {fileID: 11500000, guid: 09731fc18b3e7af4480a66a2250176d6, type: 3}
  m_Name: 
  m_EditorClassIdentifier: 
  MaxHealth: 400
  Health: 400
  MaxMagix: 0
  Magix: 0
  XPWorth: 150
  Healstep: 1
--- !u!1 &6215212029301519292
GameObject:
  m_ObjectHideFlags: 0
  m_CorrespondingSourceObject: {fileID: 0}
  m_PrefabInstance: {fileID: 0}
  m_PrefabAsset: {fileID: 0}
  serializedVersion: 6
  m_Component:
  - component: {fileID: 6215212029301519291}
  - component: {fileID: 6215212029301519289}
  - component: {fileID: 6215212029301519290}
  m_Layer: 0
  m_Name: Name
  m_TagString: Untagged
  m_Icon: {fileID: 0}
  m_NavMeshLayer: 0
  m_StaticEditorFlags: 0
  m_IsActive: 1
--- !u!224 &6215212029301519291
RectTransform:
  m_ObjectHideFlags: 0
  m_CorrespondingSourceObject: {fileID: 0}
  m_PrefabInstance: {fileID: 0}
  m_PrefabAsset: {fileID: 0}
  m_GameObject: {fileID: 6215212029301519292}
  m_LocalRotation: {x: -0, y: -0, z: -0, w: 1}
  m_LocalPosition: {x: 0, y: 0, z: 0}
  m_LocalScale: {x: 1.6025, y: 1.1607, z: 0}
  m_Children: []
  m_Father: {fileID: 6215212029961888737}
  m_RootOrder: 1
  m_LocalEulerAnglesHint: {x: 0, y: 0, z: 0}
  m_AnchorMin: {x: 0.5, y: 0.5}
  m_AnchorMax: {x: 0.5, y: 0.5}
  m_AnchoredPosition: {x: -0.011887, y: -13}
  m_SizeDelta: {x: 583.3, y: 165.8}
  m_Pivot: {x: 0.5, y: 0.5}
--- !u!222 &6215212029301519289
CanvasRenderer:
  m_ObjectHideFlags: 0
  m_CorrespondingSourceObject: {fileID: 0}
  m_PrefabInstance: {fileID: 0}
  m_PrefabAsset: {fileID: 0}
  m_GameObject: {fileID: 6215212029301519292}
  m_CullTransparentMesh: 0
--- !u!114 &6215212029301519290
MonoBehaviour:
  m_ObjectHideFlags: 0
  m_CorrespondingSourceObject: {fileID: 0}
  m_PrefabInstance: {fileID: 0}
  m_PrefabAsset: {fileID: 0}
  m_GameObject: {fileID: 6215212029301519292}
  m_Enabled: 1
  m_EditorHideFlags: 0
  m_Script: {fileID: 11500000, guid: 5f7201a12d95ffc409449d95f23cf332, type: 3}
  m_Name: 
  m_EditorClassIdentifier: 
  m_Material: {fileID: 0}
  m_Color: {r: 1, g: 1, b: 1, a: 1}
  m_RaycastTarget: 1
  m_OnCullStateChanged:
    m_PersistentCalls:
      m_Calls: []
  m_FontData:
    m_Font: {fileID: 12800000, guid: 44b7be4cca0af2c4798496461ecd3899, type: 3}
    m_FontSize: 14
    m_FontStyle: 0
    m_BestFit: 1
    m_MinSize: 10
    m_MaxSize: 100
    m_Alignment: 4
    m_AlignByGeometry: 0
    m_RichText: 1
    m_HorizontalOverflow: 0
    m_VerticalOverflow: 0
    m_LineSpacing: 1
  m_Text: New Text
--- !u!1 &6215212029686916094
GameObject:
  m_ObjectHideFlags: 0
  m_CorrespondingSourceObject: {fileID: 0}
  m_PrefabInstance: {fileID: 0}
  m_PrefabAsset: {fileID: 0}
  serializedVersion: 6
  m_Component:
  - component: {fileID: 6215212029686916093}
  - component: {fileID: 6215212029686916091}
  - component: {fileID: 6215212029686916092}
  m_Layer: 0
  m_Name: Health
  m_TagString: Untagged
  m_Icon: {fileID: 0}
  m_NavMeshLayer: 0
  m_StaticEditorFlags: 0
  m_IsActive: 1
--- !u!224 &6215212029686916093
RectTransform:
  m_ObjectHideFlags: 0
  m_CorrespondingSourceObject: {fileID: 0}
  m_PrefabInstance: {fileID: 0}
  m_PrefabAsset: {fileID: 0}
  m_GameObject: {fileID: 6215212029686916094}
  m_LocalRotation: {x: -0, y: -0, z: -0, w: 1}
  m_LocalPosition: {x: 0, y: 0, z: 0}
  m_LocalScale: {x: 1, y: 1, z: 0}
  m_Children: []
  m_Father: {fileID: 6215212029949183788}
  m_RootOrder: 0
  m_LocalEulerAnglesHint: {x: 0, y: 0, z: 0}
  m_AnchorMin: {x: 0, y: 0.5}
  m_AnchorMax: {x: 0, y: 0.5}
  m_AnchoredPosition: {x: 249.77, y: 0.5}
  m_SizeDelta: {x: 487.36, y: 101.8}
  m_Pivot: {x: 0.5, y: 0.5}
--- !u!222 &6215212029686916091
CanvasRenderer:
  m_ObjectHideFlags: 0
  m_CorrespondingSourceObject: {fileID: 0}
  m_PrefabInstance: {fileID: 0}
  m_PrefabAsset: {fileID: 0}
  m_GameObject: {fileID: 6215212029686916094}
  m_CullTransparentMesh: 0
--- !u!114 &6215212029686916092
MonoBehaviour:
  m_ObjectHideFlags: 0
  m_CorrespondingSourceObject: {fileID: 0}
  m_PrefabInstance: {fileID: 0}
  m_PrefabAsset: {fileID: 0}
  m_GameObject: {fileID: 6215212029686916094}
  m_Enabled: 1
  m_EditorHideFlags: 0
  m_Script: {fileID: 11500000, guid: fe87c0e1cc204ed48ad3b37840f39efc, type: 3}
  m_Name: 
  m_EditorClassIdentifier: 
  m_Material: {fileID: 0}
  m_Color: {r: 1, g: 0, b: 0, a: 0.75686276}
  m_RaycastTarget: 1
  m_OnCullStateChanged:
    m_PersistentCalls:
      m_Calls: []
  m_Sprite: {fileID: 21300000, guid: b12050dc91995894bb3f94ee8c4d61e4, type: 3}
  m_Type: 3
  m_PreserveAspect: 0
  m_FillCenter: 0
  m_FillMethod: 0
  m_FillAmount: 1
  m_FillClockwise: 1
  m_FillOrigin: 0
  m_UseSpriteMesh: 0
  m_PixelsPerUnitMultiplier: 1
--- !u!1 &6215212029739128126
GameObject:
  m_ObjectHideFlags: 0
  m_CorrespondingSourceObject: {fileID: 0}
  m_PrefabInstance: {fileID: 0}
  m_PrefabAsset: {fileID: 0}
  serializedVersion: 6
  m_Component:
  - component: {fileID: 6215212029739128125}
  - component: {fileID: 6215212029739128122}
  - component: {fileID: 6215212029739128123}
  - component: {fileID: 6215212029739128124}
  m_Layer: 0
  m_Name: Damager
  m_TagString: Untagged
  m_Icon: {fileID: 0}
  m_NavMeshLayer: 0
  m_StaticEditorFlags: 0
  m_IsActive: 1
--- !u!4 &6215212029739128125
Transform:
  m_ObjectHideFlags: 0
  m_CorrespondingSourceObject: {fileID: 0}
  m_PrefabInstance: {fileID: 0}
  m_PrefabAsset: {fileID: 0}
  m_GameObject: {fileID: 6215212029739128126}
  m_LocalRotation: {x: -0.78913975, y: 0.50021, z: 0.18319014, w: 0.30576086}
  m_LocalPosition: {x: 0.055444837, y: 1.1365986, z: 0.19725406}
  m_LocalScale: {x: 2.6305006, y: 1.1970372, z: 1}
  m_Children: []
  m_Father: {fileID: 6215212030206010041}
  m_RootOrder: 1
  m_LocalEulerAnglesHint: {x: 5.8120003, y: 2.4870002, z: -38.919003}
--- !u!33 &6215212029739128122
MeshFilter:
  m_ObjectHideFlags: 0
  m_CorrespondingSourceObject: {fileID: 0}
  m_PrefabInstance: {fileID: 0}
  m_PrefabAsset: {fileID: 0}
  m_GameObject: {fileID: 6215212029739128126}
  m_Mesh: {fileID: 10202, guid: 0000000000000000e000000000000000, type: 0}
--- !u!65 &6215212029739128123
BoxCollider:
  m_ObjectHideFlags: 0
  m_CorrespondingSourceObject: {fileID: 0}
  m_PrefabInstance: {fileID: 0}
  m_PrefabAsset: {fileID: 0}
  m_GameObject: {fileID: 6215212029739128126}
  m_Material: {fileID: 0}
  m_IsTrigger: 1
  m_Enabled: 1
  serializedVersion: 2
  m_Size: {x: 1, y: 1, z: 1}
  m_Center: {x: 0, y: 0, z: 0}
--- !u!114 &6215212029739128124
MonoBehaviour:
  m_ObjectHideFlags: 0
  m_CorrespondingSourceObject: {fileID: 0}
  m_PrefabInstance: {fileID: 0}
  m_PrefabAsset: {fileID: 0}
  m_GameObject: {fileID: 6215212029739128126}
  m_Enabled: 1
  m_EditorHideFlags: 0
  m_Script: {fileID: 11500000, guid: 63f01b235d9abff4c833fa741232434f, type: 3}
  m_Name: 
  m_EditorClassIdentifier: 
  EstDamage: 12
--- !u!1 &6215212029949183789
GameObject:
  m_ObjectHideFlags: 0
  m_CorrespondingSourceObject: {fileID: 0}
  m_PrefabInstance: {fileID: 0}
  m_PrefabAsset: {fileID: 0}
  serializedVersion: 6
  m_Component:
  - component: {fileID: 6215212029949183788}
  - component: {fileID: 6215212029949183786}
  - component: {fileID: 6215212029949183787}
  m_Layer: 0
  m_Name: HealthbarBackground
  m_TagString: Untagged
  m_Icon: {fileID: 0}
  m_NavMeshLayer: 0
  m_StaticEditorFlags: 0
  m_IsActive: 1
--- !u!224 &6215212029949183788
RectTransform:
  m_ObjectHideFlags: 0
  m_CorrespondingSourceObject: {fileID: 0}
  m_PrefabInstance: {fileID: 0}
  m_PrefabAsset: {fileID: 0}
  m_GameObject: {fileID: 6215212029949183789}
  m_LocalRotation: {x: 0, y: 0, z: 0, w: 1}
  m_LocalPosition: {x: 0, y: 0, z: 0}
  m_LocalScale: {x: 1.6025, y: 1.1607, z: 1}
  m_Children:
  - {fileID: 6215212029686916093}
  m_Father: {fileID: 6215212029961888737}
  m_RootOrder: 0
  m_LocalEulerAnglesHint: {x: 0, y: 0, z: 0}
  m_AnchorMin: {x: 0, y: 0}
  m_AnchorMax: {x: 1, y: 1}
  m_AnchoredPosition: {x: -0.02709961, y: 2.0887146}
  m_SizeDelta: {x: -412.7, y: -499.9}
  m_Pivot: {x: 0.5, y: 0.5}
--- !u!222 &6215212029949183786
CanvasRenderer:
  m_ObjectHideFlags: 0
  m_CorrespondingSourceObject: {fileID: 0}
  m_PrefabInstance: {fileID: 0}
  m_PrefabAsset: {fileID: 0}
  m_GameObject: {fileID: 6215212029949183789}
  m_CullTransparentMesh: 0
--- !u!114 &6215212029949183787
MonoBehaviour:
  m_ObjectHideFlags: 0
  m_CorrespondingSourceObject: {fileID: 0}
  m_PrefabInstance: {fileID: 0}
  m_PrefabAsset: {fileID: 0}
  m_GameObject: {fileID: 6215212029949183789}
  m_Enabled: 1
  m_EditorHideFlags: 0
  m_Script: {fileID: 11500000, guid: fe87c0e1cc204ed48ad3b37840f39efc, type: 3}
  m_Name: 
  m_EditorClassIdentifier: 
  m_Material: {fileID: 0}
  m_Color: {r: 0.3962264, g: 0.3962264, b: 0.3962264, a: 0.7411765}
  m_RaycastTarget: 1
  m_OnCullStateChanged:
    m_PersistentCalls:
      m_Calls: []
  m_Sprite: {fileID: 10907, guid: 0000000000000000f000000000000000, type: 0}
  m_Type: 1
  m_PreserveAspect: 0
  m_FillCenter: 1
  m_FillMethod: 4
  m_FillAmount: 1
  m_FillClockwise: 1
  m_FillOrigin: 0
  m_UseSpriteMesh: 0
  m_PixelsPerUnitMultiplier: 1
--- !u!1 &6215212029961888738
GameObject:
  m_ObjectHideFlags: 0
  m_CorrespondingSourceObject: {fileID: 0}
  m_PrefabInstance: {fileID: 0}
  m_PrefabAsset: {fileID: 0}
  serializedVersion: 6
  m_Component:
  - component: {fileID: 6215212029961888737}
  - component: {fileID: 6215212029961888764}
  - component: {fileID: 6215212029961888765}
  - component: {fileID: 6215212029961888766}
  - component: {fileID: 6215212029961888767}
  - component: {fileID: 6215212029961888736}
  m_Layer: 0
  m_Name: HostileUI
  m_TagString: Untagged
  m_Icon: {fileID: 0}
  m_NavMeshLayer: 0
  m_StaticEditorFlags: 0
  m_IsActive: 1
--- !u!224 &6215212029961888737
RectTransform:
  m_ObjectHideFlags: 0
  m_CorrespondingSourceObject: {fileID: 0}
  m_PrefabInstance: {fileID: 0}
  m_PrefabAsset: {fileID: 0}
  m_GameObject: {fileID: 6215212029961888738}
  m_LocalRotation: {x: -0, y: -0, z: -0, w: 1}
  m_LocalPosition: {x: 0, y: 0, z: 0}
  m_LocalScale: {x: 0.001, y: 0.001, z: 0}
  m_Children:
  - {fileID: 6215212029949183788}
  - {fileID: 6215212029301519291}
  m_Father: {fileID: 6215212028506464091}
  m_RootOrder: 1
  m_LocalEulerAnglesHint: {x: 0, y: 0, z: 0}
  m_AnchorMin: {x: 0, y: 0}
  m_AnchorMax: {x: 0, y: 0}
  m_AnchoredPosition: {x: 0, y: 0.806}
  m_SizeDelta: {x: 913, y: 617}
  m_Pivot: {x: 0.5, y: 0.5}
--- !u!223 &6215212029961888764
Canvas:
  m_ObjectHideFlags: 0
  m_CorrespondingSourceObject: {fileID: 0}
  m_PrefabInstance: {fileID: 0}
  m_PrefabAsset: {fileID: 0}
  m_GameObject: {fileID: 6215212029961888738}
  m_Enabled: 1
  serializedVersion: 3
  m_RenderMode: 2
  m_Camera: {fileID: 0}
  m_PlaneDistance: 100
  m_PixelPerfect: 0
  m_ReceivesEvents: 1
  m_OverrideSorting: 0
  m_OverridePixelPerfect: 0
  m_SortingBucketNormalizedSize: 0
  m_AdditionalShaderChannelsFlag: 0
  m_SortingLayerID: 0
  m_SortingOrder: 0
  m_TargetDisplay: 0
--- !u!114 &6215212029961888765
MonoBehaviour:
  m_ObjectHideFlags: 0
  m_CorrespondingSourceObject: {fileID: 0}
  m_PrefabInstance: {fileID: 0}
  m_PrefabAsset: {fileID: 0}
  m_GameObject: {fileID: 6215212029961888738}
  m_Enabled: 1
  m_EditorHideFlags: 0
  m_Script: {fileID: 11500000, guid: 0cd44c1031e13a943bb63640046fad76, type: 3}
  m_Name: 
  m_EditorClassIdentifier: 
  m_UiScaleMode: 0
  m_ReferencePixelsPerUnit: 100
  m_ScaleFactor: 1
  m_ReferenceResolution: {x: 800, y: 600}
  m_ScreenMatchMode: 0
  m_MatchWidthOrHeight: 0
  m_PhysicalUnit: 3
  m_FallbackScreenDPI: 96
  m_DefaultSpriteDPI: 96
  m_DynamicPixelsPerUnit: 1
--- !u!114 &6215212029961888766
MonoBehaviour:
  m_ObjectHideFlags: 0
  m_CorrespondingSourceObject: {fileID: 0}
  m_PrefabInstance: {fileID: 0}
  m_PrefabAsset: {fileID: 0}
  m_GameObject: {fileID: 6215212029961888738}
  m_Enabled: 1
  m_EditorHideFlags: 0
  m_Script: {fileID: 11500000, guid: dc42784cf147c0c48a680349fa168899, type: 3}
  m_Name: 
  m_EditorClassIdentifier: 
  m_IgnoreReversedGraphics: 1
  m_BlockingObjects: 0
  m_BlockingMask:
    serializedVersion: 2
    m_Bits: 4294967295
--- !u!114 &6215212029961888767
MonoBehaviour:
  m_ObjectHideFlags: 0
  m_CorrespondingSourceObject: {fileID: 0}
  m_PrefabInstance: {fileID: 0}
  m_PrefabAsset: {fileID: 0}
  m_GameObject: {fileID: 6215212029961888738}
  m_Enabled: 1
  m_EditorHideFlags: 0
  m_Script: {fileID: 11500000, guid: 5837481ae7c7dfd468c65c15efd4d75e, type: 3}
  m_Name: 
  m_EditorClassIdentifier: 
  Distance: 10
--- !u!114 &6215212029961888736
MonoBehaviour:
  m_ObjectHideFlags: 0
  m_CorrespondingSourceObject: {fileID: 0}
  m_PrefabInstance: {fileID: 0}
  m_PrefabAsset: {fileID: 0}
  m_GameObject: {fileID: 6215212029961888738}
  m_Enabled: 1
  m_EditorHideFlags: 0
  m_Script: {fileID: 11500000, guid: 04f1798dd94f8a0438216a2e343bb5d2, type: 3}
  m_Name: 
  m_EditorClassIdentifier: 
--- !u!1001 &6215212028681111519
PrefabInstance:
  m_ObjectHideFlags: 0
  serializedVersion: 2
  m_Modification:
    m_TransformParent: {fileID: 6215212030206010007}
    m_Modifications:
    - target: {fileID: -4216859302048453862, guid: 65f1abd6b3bbfdd459897bfff2b1c9b2,
        type: 3}
      propertyPath: m_LocalPosition.x
      value: -0.9129672
      objectReference: {fileID: 0}
    - target: {fileID: -4216859302048453862, guid: 65f1abd6b3bbfdd459897bfff2b1c9b2,
        type: 3}
      propertyPath: m_LocalPosition.y
      value: -1.9693847
      objectReference: {fileID: 0}
    - target: {fileID: -4216859302048453862, guid: 65f1abd6b3bbfdd459897bfff2b1c9b2,
        type: 3}
      propertyPath: m_LocalPosition.z
      value: 0.6041373
      objectReference: {fileID: 0}
    - target: {fileID: -4216859302048453862, guid: 65f1abd6b3bbfdd459897bfff2b1c9b2,
        type: 3}
      propertyPath: m_LocalRotation.x
      value: -0.62290615
      objectReference: {fileID: 0}
    - target: {fileID: -4216859302048453862, guid: 65f1abd6b3bbfdd459897bfff2b1c9b2,
        type: 3}
      propertyPath: m_LocalRotation.y
      value: 0.33464617
      objectReference: {fileID: 0}
    - target: {fileID: -4216859302048453862, guid: 65f1abd6b3bbfdd459897bfff2b1c9b2,
        type: 3}
      propertyPath: m_LocalRotation.z
      value: 0.33464614
      objectReference: {fileID: 0}
    - target: {fileID: -4216859302048453862, guid: 65f1abd6b3bbfdd459897bfff2b1c9b2,
        type: 3}
      propertyPath: m_LocalRotation.w
      value: 0.62290597
      objectReference: {fileID: 0}
    - target: {fileID: -4216859302048453862, guid: 65f1abd6b3bbfdd459897bfff2b1c9b2,
        type: 3}
      propertyPath: m_RootOrder
      value: 0
      objectReference: {fileID: 0}
    - target: {fileID: -4216859302048453862, guid: 65f1abd6b3bbfdd459897bfff2b1c9b2,
        type: 3}
      propertyPath: m_LocalEulerAnglesHint.x
      value: -90.00001
      objectReference: {fileID: 0}
    - target: {fileID: -4216859302048453862, guid: 65f1abd6b3bbfdd459897bfff2b1c9b2,
        type: 3}
      propertyPath: m_LocalEulerAnglesHint.y
      value: 0
      objectReference: {fileID: 0}
    - target: {fileID: -4216859302048453862, guid: 65f1abd6b3bbfdd459897bfff2b1c9b2,
        type: 3}
      propertyPath: m_LocalEulerAnglesHint.z
      value: 56.492004
      objectReference: {fileID: 0}
    - target: {fileID: -4216859302048453862, guid: 65f1abd6b3bbfdd459897bfff2b1c9b2,
        type: 3}
      propertyPath: m_LocalScale.x
      value: 0.22513741
      objectReference: {fileID: 0}
    - target: {fileID: -4216859302048453862, guid: 65f1abd6b3bbfdd459897bfff2b1c9b2,
        type: 3}
      propertyPath: m_LocalScale.y
      value: 0.4772009
      objectReference: {fileID: 0}
    - target: {fileID: -4216859302048453862, guid: 65f1abd6b3bbfdd459897bfff2b1c9b2,
        type: 3}
      propertyPath: m_LocalScale.z
      value: 0.43532413
      objectReference: {fileID: 0}
    - target: {fileID: -1504981713932161579, guid: 65f1abd6b3bbfdd459897bfff2b1c9b2,
        type: 3}
      propertyPath: m_Materials.Array.data[0]
      value: 
      objectReference: {fileID: 2100000, guid: 2fd9e68767963364ea0ab6503d5b019b, type: 2}
    - target: {fileID: -927199367670048503, guid: 65f1abd6b3bbfdd459897bfff2b1c9b2,
        type: 3}
      propertyPath: m_Name
      value: Horn (1)
      objectReference: {fileID: 0}
    m_RemovedComponents: []
  m_SourcePrefab: {fileID: 100100000, guid: 65f1abd6b3bbfdd459897bfff2b1c9b2, type: 3}
--- !u!1001 &6215212029125741948
PrefabInstance:
  m_ObjectHideFlags: 0
  serializedVersion: 2
  m_Modification:
    m_TransformParent: {fileID: 6215212030206010007}
    m_Modifications:
    - target: {fileID: -4216859302048453862, guid: 65f1abd6b3bbfdd459897bfff2b1c9b2,
        type: 3}
      propertyPath: m_LocalPosition.x
      value: 0.8114832
      objectReference: {fileID: 0}
    - target: {fileID: -4216859302048453862, guid: 65f1abd6b3bbfdd459897bfff2b1c9b2,
        type: 3}
      propertyPath: m_LocalPosition.y
      value: -1.9693847
      objectReference: {fileID: 0}
    - target: {fileID: -4216859302048453862, guid: 65f1abd6b3bbfdd459897bfff2b1c9b2,
        type: 3}
      propertyPath: m_LocalPosition.z
      value: 0.64244497
      objectReference: {fileID: 0}
    - target: {fileID: -4216859302048453862, guid: 65f1abd6b3bbfdd459897bfff2b1c9b2,
        type: 3}
      propertyPath: m_LocalRotation.x
      value: -0.30056435
      objectReference: {fileID: 0}
    - target: {fileID: -4216859302048453862, guid: 65f1abd6b3bbfdd459897bfff2b1c9b2,
        type: 3}
      propertyPath: m_LocalRotation.y
      value: 0.64004785
      objectReference: {fileID: 0}
    - target: {fileID: -4216859302048453862, guid: 65f1abd6b3bbfdd459897bfff2b1c9b2,
        type: 3}
      propertyPath: m_LocalRotation.z
      value: 0.6400476
      objectReference: {fileID: 0}
    - target: {fileID: -4216859302048453862, guid: 65f1abd6b3bbfdd459897bfff2b1c9b2,
        type: 3}
      propertyPath: m_LocalRotation.w
      value: 0.30056432
      objectReference: {fileID: 0}
    - target: {fileID: -4216859302048453862, guid: 65f1abd6b3bbfdd459897bfff2b1c9b2,
        type: 3}
      propertyPath: m_RootOrder
      value: 1
      objectReference: {fileID: 0}
    - target: {fileID: -4216859302048453862, guid: 65f1abd6b3bbfdd459897bfff2b1c9b2,
        type: 3}
      propertyPath: m_LocalEulerAnglesHint.x
      value: -90.00001
      objectReference: {fileID: 0}
    - target: {fileID: -4216859302048453862, guid: 65f1abd6b3bbfdd459897bfff2b1c9b2,
        type: 3}
      propertyPath: m_LocalEulerAnglesHint.y
      value: 0
      objectReference: {fileID: 0}
    - target: {fileID: -4216859302048453862, guid: 65f1abd6b3bbfdd459897bfff2b1c9b2,
        type: 3}
      propertyPath: m_LocalEulerAnglesHint.z
      value: 129.69101
      objectReference: {fileID: 0}
    - target: {fileID: -4216859302048453862, guid: 65f1abd6b3bbfdd459897bfff2b1c9b2,
        type: 3}
      propertyPath: m_LocalScale.x
      value: 0.22513741
      objectReference: {fileID: 0}
    - target: {fileID: -4216859302048453862, guid: 65f1abd6b3bbfdd459897bfff2b1c9b2,
        type: 3}
      propertyPath: m_LocalScale.y
      value: 0.47720096
      objectReference: {fileID: 0}
    - target: {fileID: -4216859302048453862, guid: 65f1abd6b3bbfdd459897bfff2b1c9b2,
        type: 3}
      propertyPath: m_LocalScale.z
      value: 0.4353241
      objectReference: {fileID: 0}
    - target: {fileID: -1504981713932161579, guid: 65f1abd6b3bbfdd459897bfff2b1c9b2,
        type: 3}
      propertyPath: m_Materials.Array.data[0]
      value: 
      objectReference: {fileID: 2100000, guid: 2fd9e68767963364ea0ab6503d5b019b, type: 2}
    - target: {fileID: -927199367670048503, guid: 65f1abd6b3bbfdd459897bfff2b1c9b2,
        type: 3}
      propertyPath: m_Name
      value: Horn
      objectReference: {fileID: 0}
    m_RemovedComponents: []
  m_SourcePrefab: {fileID: 100100000, guid: 65f1abd6b3bbfdd459897bfff2b1c9b2, type: 3}
--- !u!1001 &6215212030206408721
PrefabInstance:
  m_ObjectHideFlags: 0
  serializedVersion: 2
  m_Modification:
    m_TransformParent: {fileID: 6215212028506464091}
    m_Modifications:
    - target: {fileID: 100002, guid: 74c3c3f9f84d3554ab0f78879ecbf864, type: 3}
      propertyPath: m_Name
      value: Humanoid
      objectReference: {fileID: 0}
    - target: {fileID: 100002, guid: 74c3c3f9f84d3554ab0f78879ecbf864, type: 3}
      propertyPath: m_TagString
      value: Untagged
      objectReference: {fileID: 0}
    - target: {fileID: 400002, guid: 74c3c3f9f84d3554ab0f78879ecbf864, type: 3}
      propertyPath: m_LocalPosition.x
      value: 0
      objectReference: {fileID: 0}
    - target: {fileID: 400002, guid: 74c3c3f9f84d3554ab0f78879ecbf864, type: 3}
      propertyPath: m_LocalPosition.y
      value: -1.044
      objectReference: {fileID: 0}
    - target: {fileID: 400002, guid: 74c3c3f9f84d3554ab0f78879ecbf864, type: 3}
      propertyPath: m_LocalPosition.z
      value: 0
      objectReference: {fileID: 0}
    - target: {fileID: 400002, guid: 74c3c3f9f84d3554ab0f78879ecbf864, type: 3}
      propertyPath: m_LocalRotation.x
      value: -0
      objectReference: {fileID: 0}
    - target: {fileID: 400002, guid: 74c3c3f9f84d3554ab0f78879ecbf864, type: 3}
      propertyPath: m_LocalRotation.y
      value: -0
      objectReference: {fileID: 0}
    - target: {fileID: 400002, guid: 74c3c3f9f84d3554ab0f78879ecbf864, type: 3}
      propertyPath: m_LocalRotation.z
      value: -0
      objectReference: {fileID: 0}
    - target: {fileID: 400002, guid: 74c3c3f9f84d3554ab0f78879ecbf864, type: 3}
      propertyPath: m_LocalRotation.w
      value: 1
      objectReference: {fileID: 0}
    - target: {fileID: 400002, guid: 74c3c3f9f84d3554ab0f78879ecbf864, type: 3}
      propertyPath: m_RootOrder
      value: 0
      objectReference: {fileID: 0}
    - target: {fileID: 400002, guid: 74c3c3f9f84d3554ab0f78879ecbf864, type: 3}
      propertyPath: m_LocalEulerAnglesHint.x
      value: 0
      objectReference: {fileID: 0}
    - target: {fileID: 400002, guid: 74c3c3f9f84d3554ab0f78879ecbf864, type: 3}
      propertyPath: m_LocalEulerAnglesHint.y
      value: 0
      objectReference: {fileID: 0}
    - target: {fileID: 400002, guid: 74c3c3f9f84d3554ab0f78879ecbf864, type: 3}
      propertyPath: m_LocalEulerAnglesHint.z
      value: 0
      objectReference: {fileID: 0}
    - target: {fileID: 400002, guid: 74c3c3f9f84d3554ab0f78879ecbf864, type: 3}
      propertyPath: m_LocalScale.x
      value: 0.08253549
      objectReference: {fileID: 0}
    - target: {fileID: 400002, guid: 74c3c3f9f84d3554ab0f78879ecbf864, type: 3}
      propertyPath: m_LocalScale.y
      value: 0.08253549
      objectReference: {fileID: 0}
    - target: {fileID: 400002, guid: 74c3c3f9f84d3554ab0f78879ecbf864, type: 3}
      propertyPath: m_LocalScale.z
      value: 0.08253549
      objectReference: {fileID: 0}
    - target: {fileID: 400056, guid: 74c3c3f9f84d3554ab0f78879ecbf864, type: 3}
      propertyPath: m_LocalRotation.x
      value: -0.57277447
      objectReference: {fileID: 0}
    - target: {fileID: 400056, guid: 74c3c3f9f84d3554ab0f78879ecbf864, type: 3}
      propertyPath: m_LocalRotation.y
      value: -0.4139503
      objectReference: {fileID: 0}
    - target: {fileID: 400056, guid: 74c3c3f9f84d3554ab0f78879ecbf864, type: 3}
      propertyPath: m_LocalRotation.z
      value: 0.5750004
      objectReference: {fileID: 0}
    - target: {fileID: 400056, guid: 74c3c3f9f84d3554ab0f78879ecbf864, type: 3}
      propertyPath: m_LocalRotation.w
      value: -0.412249
      objectReference: {fileID: 0}
    - target: {fileID: 9500000, guid: 74c3c3f9f84d3554ab0f78879ecbf864, type: 3}
      propertyPath: m_Controller
      value: 
      objectReference: {fileID: 9100000, guid: fa5501ff842d76a4c826834903f6ff53, type: 2}
    - target: {fileID: 13700000, guid: 74c3c3f9f84d3554ab0f78879ecbf864, type: 3}
      propertyPath: m_Materials.Array.data[1]
      value: 
      objectReference: {fileID: 2100000, guid: f0e8ab7836bf4a144ae84c22389ab615, type: 2}
    - target: {fileID: 13700000, guid: 74c3c3f9f84d3554ab0f78879ecbf864, type: 3}
      propertyPath: m_Materials.Array.data[0]
      value: 
      objectReference: {fileID: 2100000, guid: db855dde31f394940bd6f5da69d4f768, type: 2}
    - target: {fileID: 13700002, guid: 74c3c3f9f84d3554ab0f78879ecbf864, type: 3}
      propertyPath: m_Materials.Array.data[0]
      value: 
      objectReference: {fileID: 2100000, guid: cb93a69fcfff3394f971ebc101f8f394, type: 2}
    - target: {fileID: 13700004, guid: 74c3c3f9f84d3554ab0f78879ecbf864, type: 3}
      propertyPath: m_Materials.Array.data[0]
      value: 
      objectReference: {fileID: 2100000, guid: cb93a69fcfff3394f971ebc101f8f394, type: 2}
    m_RemovedComponents: []
  m_SourcePrefab: {fileID: 100100000, guid: 74c3c3f9f84d3554ab0f78879ecbf864, type: 3}
--- !u!4 &6215212030206010003 stripped
Transform:
  m_CorrespondingSourceObject: {fileID: 400002, guid: 74c3c3f9f84d3554ab0f78879ecbf864,
    type: 3}
  m_PrefabInstance: {fileID: 6215212030206408721}
  m_PrefabAsset: {fileID: 0}
--- !u!4 &6215212030206010007 stripped
Transform:
  m_CorrespondingSourceObject: {fileID: 400006, guid: 74c3c3f9f84d3554ab0f78879ecbf864,
    type: 3}
  m_PrefabInstance: {fileID: 6215212030206408721}
  m_PrefabAsset: {fileID: 0}
--- !u!4 &6215212030206010041 stripped
Transform:
  m_CorrespondingSourceObject: {fileID: 400040, guid: 74c3c3f9f84d3554ab0f78879ecbf864,
    type: 3}
  m_PrefabInstance: {fileID: 6215212030206408721}
  m_PrefabAsset: {fileID: 0}
