%YAML 1.1
%TAG !u! tag:unity3d.com,2011:
--- !u!1001 &307004118137450092
PrefabInstance:
  m_ObjectHideFlags: 0
  serializedVersion: 2
  m_Modification:
    m_TransformParent: {fileID: 8039971946440539308}
    m_Modifications:
    - target: {fileID: 100032, guid: 9f066633a54256841af53b6f7eeb5a02, type: 3}
      propertyPath: m_Name
      value: Grass (17)
      objectReference: {fileID: 0}
    - target: {fileID: 400032, guid: 9f066633a54256841af53b6f7eeb5a02, type: 3}
      propertyPath: m_LocalPosition.x
      value: -21.222168
      objectReference: {fileID: 0}
    - target: {fileID: 400032, guid: 9f066633a54256841af53b6f7eeb5a02, type: 3}
      propertyPath: m_LocalPosition.y
      value: 0.31250006
      objectReference: {fileID: 0}
    - target: {fileID: 400032, guid: 9f066633a54256841af53b6f7eeb5a02, type: 3}
      propertyPath: m_LocalPosition.z
      value: 19.709778
      objectReference: {fileID: 0}
    - target: {fileID: 400032, guid: 9f066633a54256841af53b6f7eeb5a02, type: 3}
      propertyPath: m_LocalRotation.x
      value: -0
      objectReference: {fileID: 0}
    - target: {fileID: 400032, guid: 9f066633a54256841af53b6f7eeb5a02, type: 3}
      propertyPath: m_LocalRotation.y
      value: -0
      objectReference: {fileID: 0}
    - target: {fileID: 400032, guid: 9f066633a54256841af53b6f7eeb5a02, type: 3}
      propertyPath: m_LocalRotation.z
      value: -0
      objectReference: {fileID: 0}
    - target: {fileID: 400032, guid: 9f066633a54256841af53b6f7eeb5a02, type: 3}
      propertyPath: m_LocalRotation.w
      value: 1
      objectReference: {fileID: 0}
    - target: {fileID: 400032, guid: 9f066633a54256841af53b6f7eeb5a02, type: 3}
      propertyPath: m_RootOrder
      value: 24
      objectReference: {fileID: 0}
    - target: {fileID: 400032, guid: 9f066633a54256841af53b6f7eeb5a02, type: 3}
      propertyPath: m_LocalEulerAnglesHint.x
      value: 0
      objectReference: {fileID: 0}
    - target: {fileID: 400032, guid: 9f066633a54256841af53b6f7eeb5a02, type: 3}
      propertyPath: m_LocalEulerAnglesHint.y
      value: 0
      objectReference: {fileID: 0}
    - target: {fileID: 400032, guid: 9f066633a54256841af53b6f7eeb5a02, type: 3}
      propertyPath: m_LocalEulerAnglesHint.z
      value: 0
      objectReference: {fileID: 0}
    - target: {fileID: 400032, guid: 9f066633a54256841af53b6f7eeb5a02, type: 3}
      propertyPath: m_LocalScale.x
      value: 0.42463
      objectReference: {fileID: 0}
    - target: {fileID: 400032, guid: 9f066633a54256841af53b6f7eeb5a02, type: 3}
      propertyPath: m_LocalScale.y
      value: 0.42463
      objectReference: {fileID: 0}
    - target: {fileID: 400032, guid: 9f066633a54256841af53b6f7eeb5a02, type: 3}
      propertyPath: m_LocalScale.z
      value: 0.42463002
      objectReference: {fileID: 0}
    m_RemovedComponents: []
  m_SourcePrefab: {fileID: 100100000, guid: 9f066633a54256841af53b6f7eeb5a02, type: 3}
--- !u!1001 &577730171079189468
PrefabInstance:
  m_ObjectHideFlags: 0
  serializedVersion: 2
  m_Modification:
    m_TransformParent: {fileID: 8039971946440539308}
    m_Modifications:
    - target: {fileID: 100032, guid: 9f066633a54256841af53b6f7eeb5a02, type: 3}
      propertyPath: m_Name
      value: Grass (13)
      objectReference: {fileID: 0}
    - target: {fileID: 400032, guid: 9f066633a54256841af53b6f7eeb5a02, type: 3}
      propertyPath: m_LocalPosition.x
      value: -17.868082
      objectReference: {fileID: 0}
    - target: {fileID: 400032, guid: 9f066633a54256841af53b6f7eeb5a02, type: 3}
      propertyPath: m_LocalPosition.y
      value: 0.31250006
      objectReference: {fileID: 0}
    - target: {fileID: 400032, guid: 9f066633a54256841af53b6f7eeb5a02, type: 3}
      propertyPath: m_LocalPosition.z
      value: 25.009766
      objectReference: {fileID: 0}
    - target: {fileID: 400032, guid: 9f066633a54256841af53b6f7eeb5a02, type: 3}
      propertyPath: m_LocalRotation.x
      value: -0
      objectReference: {fileID: 0}
    - target: {fileID: 400032, guid: 9f066633a54256841af53b6f7eeb5a02, type: 3}
      propertyPath: m_LocalRotation.y
      value: -0
      objectReference: {fileID: 0}
    - target: {fileID: 400032, guid: 9f066633a54256841af53b6f7eeb5a02, type: 3}
      propertyPath: m_LocalRotation.z
      value: -0
      objectReference: {fileID: 0}
    - target: {fileID: 400032, guid: 9f066633a54256841af53b6f7eeb5a02, type: 3}
      propertyPath: m_LocalRotation.w
      value: 1
      objectReference: {fileID: 0}
    - target: {fileID: 400032, guid: 9f066633a54256841af53b6f7eeb5a02, type: 3}
      propertyPath: m_RootOrder
      value: 20
      objectReference: {fileID: 0}
    - target: {fileID: 400032, guid: 9f066633a54256841af53b6f7eeb5a02, type: 3}
      propertyPath: m_LocalEulerAnglesHint.x
      value: 0
      objectReference: {fileID: 0}
    - target: {fileID: 400032, guid: 9f066633a54256841af53b6f7eeb5a02, type: 3}
      propertyPath: m_LocalEulerAnglesHint.y
      value: 0
      objectReference: {fileID: 0}
    - target: {fileID: 400032, guid: 9f066633a54256841af53b6f7eeb5a02, type: 3}
      propertyPath: m_LocalEulerAnglesHint.z
      value: 0
      objectReference: {fileID: 0}
    - target: {fileID: 400032, guid: 9f066633a54256841af53b6f7eeb5a02, type: 3}
      propertyPath: m_LocalScale.x
      value: 0.42463
      objectReference: {fileID: 0}
    - target: {fileID: 400032, guid: 9f066633a54256841af53b6f7eeb5a02, type: 3}
      propertyPath: m_LocalScale.y
      value: 0.42463
      objectReference: {fileID: 0}
    - target: {fileID: 400032, guid: 9f066633a54256841af53b6f7eeb5a02, type: 3}
      propertyPath: m_LocalScale.z
      value: 0.42463002
      objectReference: {fileID: 0}
    m_RemovedComponents: []
  m_SourcePrefab: {fileID: 100100000, guid: 9f066633a54256841af53b6f7eeb5a02, type: 3}
--- !u!1001 &958280879838237476
PrefabInstance:
  m_ObjectHideFlags: 0
  serializedVersion: 2
  m_Modification:
    m_TransformParent: {fileID: 8039971946440539308}
    m_Modifications:
    - target: {fileID: 100032, guid: 9f066633a54256841af53b6f7eeb5a02, type: 3}
      propertyPath: m_Name
      value: Grass (21)
      objectReference: {fileID: 0}
    - target: {fileID: 400032, guid: 9f066633a54256841af53b6f7eeb5a02, type: 3}
      propertyPath: m_LocalPosition.x
      value: -16.410597
      objectReference: {fileID: 0}
    - target: {fileID: 400032, guid: 9f066633a54256841af53b6f7eeb5a02, type: 3}
      propertyPath: m_LocalPosition.y
      value: 0.31250006
      objectReference: {fileID: 0}
    - target: {fileID: 400032, guid: 9f066633a54256841af53b6f7eeb5a02, type: 3}
      propertyPath: m_LocalPosition.z
      value: 8.919678
      objectReference: {fileID: 0}
    - target: {fileID: 400032, guid: 9f066633a54256841af53b6f7eeb5a02, type: 3}
      propertyPath: m_LocalRotation.x
      value: -0
      objectReference: {fileID: 0}
    - target: {fileID: 400032, guid: 9f066633a54256841af53b6f7eeb5a02, type: 3}
      propertyPath: m_LocalRotation.y
      value: -0
      objectReference: {fileID: 0}
    - target: {fileID: 400032, guid: 9f066633a54256841af53b6f7eeb5a02, type: 3}
      propertyPath: m_LocalRotation.z
      value: -0
      objectReference: {fileID: 0}
    - target: {fileID: 400032, guid: 9f066633a54256841af53b6f7eeb5a02, type: 3}
      propertyPath: m_LocalRotation.w
      value: 1
      objectReference: {fileID: 0}
    - target: {fileID: 400032, guid: 9f066633a54256841af53b6f7eeb5a02, type: 3}
      propertyPath: m_RootOrder
      value: 28
      objectReference: {fileID: 0}
    - target: {fileID: 400032, guid: 9f066633a54256841af53b6f7eeb5a02, type: 3}
      propertyPath: m_LocalEulerAnglesHint.x
      value: 0
      objectReference: {fileID: 0}
    - target: {fileID: 400032, guid: 9f066633a54256841af53b6f7eeb5a02, type: 3}
      propertyPath: m_LocalEulerAnglesHint.y
      value: 0
      objectReference: {fileID: 0}
    - target: {fileID: 400032, guid: 9f066633a54256841af53b6f7eeb5a02, type: 3}
      propertyPath: m_LocalEulerAnglesHint.z
      value: 0
      objectReference: {fileID: 0}
    - target: {fileID: 400032, guid: 9f066633a54256841af53b6f7eeb5a02, type: 3}
      propertyPath: m_LocalScale.x
      value: 0.42463
      objectReference: {fileID: 0}
    - target: {fileID: 400032, guid: 9f066633a54256841af53b6f7eeb5a02, type: 3}
      propertyPath: m_LocalScale.y
      value: 0.42463
      objectReference: {fileID: 0}
    - target: {fileID: 400032, guid: 9f066633a54256841af53b6f7eeb5a02, type: 3}
      propertyPath: m_LocalScale.z
      value: 0.42463002
      objectReference: {fileID: 0}
    m_RemovedComponents: []
  m_SourcePrefab: {fileID: 100100000, guid: 9f066633a54256841af53b6f7eeb5a02, type: 3}
--- !u!1001 &1380752952334274569
PrefabInstance:
  m_ObjectHideFlags: 0
  serializedVersion: 2
  m_Modification:
    m_TransformParent: {fileID: 8039971946440539308}
    m_Modifications:
    - target: {fileID: 100032, guid: 9f066633a54256841af53b6f7eeb5a02, type: 3}
      propertyPath: m_Name
      value: Grass (7)
      objectReference: {fileID: 0}
    - target: {fileID: 400032, guid: 9f066633a54256841af53b6f7eeb5a02, type: 3}
      propertyPath: m_LocalPosition.x
      value: -23.533411
      objectReference: {fileID: 0}
    - target: {fileID: 400032, guid: 9f066633a54256841af53b6f7eeb5a02, type: 3}
      propertyPath: m_LocalPosition.y
      value: -0.27277458
      objectReference: {fileID: 0}
    - target: {fileID: 400032, guid: 9f066633a54256841af53b6f7eeb5a02, type: 3}
      propertyPath: m_LocalPosition.z
      value: 31.609802
      objectReference: {fileID: 0}
    - target: {fileID: 400032, guid: 9f066633a54256841af53b6f7eeb5a02, type: 3}
      propertyPath: m_LocalRotation.x
      value: -0
      objectReference: {fileID: 0}
    - target: {fileID: 400032, guid: 9f066633a54256841af53b6f7eeb5a02, type: 3}
      propertyPath: m_LocalRotation.y
      value: -0
      objectReference: {fileID: 0}
    - target: {fileID: 400032, guid: 9f066633a54256841af53b6f7eeb5a02, type: 3}
      propertyPath: m_LocalRotation.z
      value: -0
      objectReference: {fileID: 0}
    - target: {fileID: 400032, guid: 9f066633a54256841af53b6f7eeb5a02, type: 3}
      propertyPath: m_LocalRotation.w
      value: 1
      objectReference: {fileID: 0}
    - target: {fileID: 400032, guid: 9f066633a54256841af53b6f7eeb5a02, type: 3}
      propertyPath: m_RootOrder
      value: 19
      objectReference: {fileID: 0}
    - target: {fileID: 400032, guid: 9f066633a54256841af53b6f7eeb5a02, type: 3}
      propertyPath: m_LocalEulerAnglesHint.x
      value: 0
      objectReference: {fileID: 0}
    - target: {fileID: 400032, guid: 9f066633a54256841af53b6f7eeb5a02, type: 3}
      propertyPath: m_LocalEulerAnglesHint.y
      value: 0
      objectReference: {fileID: 0}
    - target: {fileID: 400032, guid: 9f066633a54256841af53b6f7eeb5a02, type: 3}
      propertyPath: m_LocalEulerAnglesHint.z
      value: 0
      objectReference: {fileID: 0}
    - target: {fileID: 400032, guid: 9f066633a54256841af53b6f7eeb5a02, type: 3}
      propertyPath: m_LocalScale.x
      value: 0.25895232
      objectReference: {fileID: 0}
    - target: {fileID: 400032, guid: 9f066633a54256841af53b6f7eeb5a02, type: 3}
      propertyPath: m_LocalScale.y
      value: 0.42463
      objectReference: {fileID: 0}
    - target: {fileID: 400032, guid: 9f066633a54256841af53b6f7eeb5a02, type: 3}
      propertyPath: m_LocalScale.z
      value: 0.42463002
      objectReference: {fileID: 0}
    m_RemovedComponents: []
  m_SourcePrefab: {fileID: 100100000, guid: 9f066633a54256841af53b6f7eeb5a02, type: 3}
--- !u!1001 &1380752952469212606
PrefabInstance:
  m_ObjectHideFlags: 0
  serializedVersion: 2
  m_Modification:
    m_TransformParent: {fileID: 8039971946440539308}
    m_Modifications:
    - target: {fileID: 100032, guid: 9f066633a54256841af53b6f7eeb5a02, type: 3}
      propertyPath: m_Name
      value: Grass (9)
      objectReference: {fileID: 0}
    - target: {fileID: 400032, guid: 9f066633a54256841af53b6f7eeb5a02, type: 3}
      propertyPath: m_LocalPosition.x
      value: -8.043666
      objectReference: {fileID: 0}
    - target: {fileID: 400032, guid: 9f066633a54256841af53b6f7eeb5a02, type: 3}
      propertyPath: m_LocalPosition.y
      value: -1.3787084
      objectReference: {fileID: 0}
    - target: {fileID: 400032, guid: 9f066633a54256841af53b6f7eeb5a02, type: 3}
      propertyPath: m_LocalPosition.z
      value: 6.6000366
      objectReference: {fileID: 0}
    - target: {fileID: 400032, guid: 9f066633a54256841af53b6f7eeb5a02, type: 3}
      propertyPath: m_LocalRotation.x
      value: -0
      objectReference: {fileID: 0}
    - target: {fileID: 400032, guid: 9f066633a54256841af53b6f7eeb5a02, type: 3}
      propertyPath: m_LocalRotation.y
      value: -0
      objectReference: {fileID: 0}
    - target: {fileID: 400032, guid: 9f066633a54256841af53b6f7eeb5a02, type: 3}
      propertyPath: m_LocalRotation.z
      value: -0
      objectReference: {fileID: 0}
    - target: {fileID: 400032, guid: 9f066633a54256841af53b6f7eeb5a02, type: 3}
      propertyPath: m_LocalRotation.w
      value: 1
      objectReference: {fileID: 0}
    - target: {fileID: 400032, guid: 9f066633a54256841af53b6f7eeb5a02, type: 3}
      propertyPath: m_RootOrder
      value: 18
      objectReference: {fileID: 0}
    - target: {fileID: 400032, guid: 9f066633a54256841af53b6f7eeb5a02, type: 3}
      propertyPath: m_LocalEulerAnglesHint.x
      value: 0
      objectReference: {fileID: 0}
    - target: {fileID: 400032, guid: 9f066633a54256841af53b6f7eeb5a02, type: 3}
      propertyPath: m_LocalEulerAnglesHint.y
      value: 0
      objectReference: {fileID: 0}
    - target: {fileID: 400032, guid: 9f066633a54256841af53b6f7eeb5a02, type: 3}
      propertyPath: m_LocalEulerAnglesHint.z
      value: 0
      objectReference: {fileID: 0}
    - target: {fileID: 400032, guid: 9f066633a54256841af53b6f7eeb5a02, type: 3}
      propertyPath: m_LocalScale.x
      value: 0.6098305
      objectReference: {fileID: 0}
    - target: {fileID: 400032, guid: 9f066633a54256841af53b6f7eeb5a02, type: 3}
      propertyPath: m_LocalScale.y
      value: 1
      objectReference: {fileID: 0}
    - target: {fileID: 400032, guid: 9f066633a54256841af53b6f7eeb5a02, type: 3}
      propertyPath: m_LocalScale.z
      value: 1
      objectReference: {fileID: 0}
    m_RemovedComponents: []
  m_SourcePrefab: {fileID: 100100000, guid: 9f066633a54256841af53b6f7eeb5a02, type: 3}
--- !u!1001 &1380752952548250865
PrefabInstance:
  m_ObjectHideFlags: 0
  serializedVersion: 2
  m_Modification:
    m_TransformParent: {fileID: 8039971946440539308}
    m_Modifications:
    - target: {fileID: 100032, guid: 9f066633a54256841af53b6f7eeb5a02, type: 3}
      propertyPath: m_Name
      value: Grass (8)
      objectReference: {fileID: 0}
    - target: {fileID: 400032, guid: 9f066633a54256841af53b6f7eeb5a02, type: 3}
      propertyPath: m_LocalPosition.x
      value: -21.825893
      objectReference: {fileID: 0}
    - target: {fileID: 400032, guid: 9f066633a54256841af53b6f7eeb5a02, type: 3}
      propertyPath: m_LocalPosition.y
      value: 0.31250006
      objectReference: {fileID: 0}
    - target: {fileID: 400032, guid: 9f066633a54256841af53b6f7eeb5a02, type: 3}
      propertyPath: m_LocalPosition.z
      value: 31.609802
      objectReference: {fileID: 0}
    - target: {fileID: 400032, guid: 9f066633a54256841af53b6f7eeb5a02, type: 3}
      propertyPath: m_LocalRotation.x
      value: -0
      objectReference: {fileID: 0}
    - target: {fileID: 400032, guid: 9f066633a54256841af53b6f7eeb5a02, type: 3}
      propertyPath: m_LocalRotation.y
      value: -0
      objectReference: {fileID: 0}
    - target: {fileID: 400032, guid: 9f066633a54256841af53b6f7eeb5a02, type: 3}
      propertyPath: m_LocalRotation.z
      value: -0
      objectReference: {fileID: 0}
    - target: {fileID: 400032, guid: 9f066633a54256841af53b6f7eeb5a02, type: 3}
      propertyPath: m_LocalRotation.w
      value: 1
      objectReference: {fileID: 0}
    - target: {fileID: 400032, guid: 9f066633a54256841af53b6f7eeb5a02, type: 3}
      propertyPath: m_RootOrder
      value: 17
      objectReference: {fileID: 0}
    - target: {fileID: 400032, guid: 9f066633a54256841af53b6f7eeb5a02, type: 3}
      propertyPath: m_LocalEulerAnglesHint.x
      value: 0
      objectReference: {fileID: 0}
    - target: {fileID: 400032, guid: 9f066633a54256841af53b6f7eeb5a02, type: 3}
      propertyPath: m_LocalEulerAnglesHint.y
      value: 0
      objectReference: {fileID: 0}
    - target: {fileID: 400032, guid: 9f066633a54256841af53b6f7eeb5a02, type: 3}
      propertyPath: m_LocalEulerAnglesHint.z
      value: 0
      objectReference: {fileID: 0}
    - target: {fileID: 400032, guid: 9f066633a54256841af53b6f7eeb5a02, type: 3}
      propertyPath: m_LocalScale.x
      value: 0.42463
      objectReference: {fileID: 0}
    - target: {fileID: 400032, guid: 9f066633a54256841af53b6f7eeb5a02, type: 3}
      propertyPath: m_LocalScale.y
      value: 0.42463
      objectReference: {fileID: 0}
    - target: {fileID: 400032, guid: 9f066633a54256841af53b6f7eeb5a02, type: 3}
      propertyPath: m_LocalScale.z
      value: 0.42463002
      objectReference: {fileID: 0}
    m_RemovedComponents: []
  m_SourcePrefab: {fileID: 100100000, guid: 9f066633a54256841af53b6f7eeb5a02, type: 3}
--- !u!1001 &1380752952934481176
PrefabInstance:
  m_ObjectHideFlags: 0
  serializedVersion: 2
  m_Modification:
    m_TransformParent: {fileID: 8039971946440539308}
    m_Modifications:
    - target: {fileID: 100032, guid: 9f066633a54256841af53b6f7eeb5a02, type: 3}
      propertyPath: m_Name
      value: Grass (10)
      objectReference: {fileID: 0}
    - target: {fileID: 400032, guid: 9f066633a54256841af53b6f7eeb5a02, type: 3}
      propertyPath: m_LocalPosition.x
      value: -3.9578125
      objectReference: {fileID: 0}
    - target: {fileID: 400032, guid: 9f066633a54256841af53b6f7eeb5a02, type: 3}
      propertyPath: m_LocalPosition.y
      value: 0
      objectReference: {fileID: 0}
    - target: {fileID: 400032, guid: 9f066633a54256841af53b6f7eeb5a02, type: 3}
      propertyPath: m_LocalPosition.z
      value: 6.6000366
      objectReference: {fileID: 0}
    - target: {fileID: 400032, guid: 9f066633a54256841af53b6f7eeb5a02, type: 3}
      propertyPath: m_LocalRotation.x
      value: -0
      objectReference: {fileID: 0}
    - target: {fileID: 400032, guid: 9f066633a54256841af53b6f7eeb5a02, type: 3}
      propertyPath: m_LocalRotation.y
      value: -0
      objectReference: {fileID: 0}
    - target: {fileID: 400032, guid: 9f066633a54256841af53b6f7eeb5a02, type: 3}
      propertyPath: m_LocalRotation.z
      value: -0
      objectReference: {fileID: 0}
    - target: {fileID: 400032, guid: 9f066633a54256841af53b6f7eeb5a02, type: 3}
      propertyPath: m_LocalRotation.w
      value: 1
      objectReference: {fileID: 0}
    - target: {fileID: 400032, guid: 9f066633a54256841af53b6f7eeb5a02, type: 3}
      propertyPath: m_RootOrder
      value: 16
      objectReference: {fileID: 0}
    - target: {fileID: 400032, guid: 9f066633a54256841af53b6f7eeb5a02, type: 3}
      propertyPath: m_LocalEulerAnglesHint.x
      value: 0
      objectReference: {fileID: 0}
    - target: {fileID: 400032, guid: 9f066633a54256841af53b6f7eeb5a02, type: 3}
      propertyPath: m_LocalEulerAnglesHint.y
      value: 0
      objectReference: {fileID: 0}
    - target: {fileID: 400032, guid: 9f066633a54256841af53b6f7eeb5a02, type: 3}
      propertyPath: m_LocalEulerAnglesHint.z
      value: 0
      objectReference: {fileID: 0}
    - target: {fileID: 400032, guid: 9f066633a54256841af53b6f7eeb5a02, type: 3}
      propertyPath: m_LocalScale.x
      value: 1
      objectReference: {fileID: 0}
    - target: {fileID: 400032, guid: 9f066633a54256841af53b6f7eeb5a02, type: 3}
      propertyPath: m_LocalScale.y
      value: 1
      objectReference: {fileID: 0}
    - target: {fileID: 400032, guid: 9f066633a54256841af53b6f7eeb5a02, type: 3}
      propertyPath: m_LocalScale.z
      value: 1
      objectReference: {fileID: 0}
    m_RemovedComponents: []
  m_SourcePrefab: {fileID: 100100000, guid: 9f066633a54256841af53b6f7eeb5a02, type: 3}
--- !u!1001 &2368313287106496480
PrefabInstance:
  m_ObjectHideFlags: 0
  serializedVersion: 2
  m_Modification:
    m_TransformParent: {fileID: 8039971946440539308}
    m_Modifications:
    - target: {fileID: 100032, guid: 9f066633a54256841af53b6f7eeb5a02, type: 3}
      propertyPath: m_Name
      value: Grass (20)
      objectReference: {fileID: 0}
    - target: {fileID: 400032, guid: 9f066633a54256841af53b6f7eeb5a02, type: 3}
      propertyPath: m_LocalPosition.x
      value: 1.4574852
      objectReference: {fileID: 0}
    - target: {fileID: 400032, guid: 9f066633a54256841af53b6f7eeb5a02, type: 3}
      propertyPath: m_LocalPosition.y
      value: 0
      objectReference: {fileID: 0}
    - target: {fileID: 400032, guid: 9f066633a54256841af53b6f7eeb5a02, type: 3}
      propertyPath: m_LocalPosition.z
      value: -16.090088
      objectReference: {fileID: 0}
    - target: {fileID: 400032, guid: 9f066633a54256841af53b6f7eeb5a02, type: 3}
      propertyPath: m_LocalRotation.x
      value: -0
      objectReference: {fileID: 0}
    - target: {fileID: 400032, guid: 9f066633a54256841af53b6f7eeb5a02, type: 3}
      propertyPath: m_LocalRotation.y
      value: -0
      objectReference: {fileID: 0}
    - target: {fileID: 400032, guid: 9f066633a54256841af53b6f7eeb5a02, type: 3}
      propertyPath: m_LocalRotation.z
      value: -0
      objectReference: {fileID: 0}
    - target: {fileID: 400032, guid: 9f066633a54256841af53b6f7eeb5a02, type: 3}
      propertyPath: m_LocalRotation.w
      value: 1
      objectReference: {fileID: 0}
    - target: {fileID: 400032, guid: 9f066633a54256841af53b6f7eeb5a02, type: 3}
      propertyPath: m_RootOrder
      value: 27
      objectReference: {fileID: 0}
    - target: {fileID: 400032, guid: 9f066633a54256841af53b6f7eeb5a02, type: 3}
      propertyPath: m_LocalEulerAnglesHint.x
      value: 0
      objectReference: {fileID: 0}
    - target: {fileID: 400032, guid: 9f066633a54256841af53b6f7eeb5a02, type: 3}
      propertyPath: m_LocalEulerAnglesHint.y
      value: 0
      objectReference: {fileID: 0}
    - target: {fileID: 400032, guid: 9f066633a54256841af53b6f7eeb5a02, type: 3}
      propertyPath: m_LocalEulerAnglesHint.z
      value: 0
      objectReference: {fileID: 0}
    - target: {fileID: 400032, guid: 9f066633a54256841af53b6f7eeb5a02, type: 3}
      propertyPath: m_LocalScale.x
      value: 1
      objectReference: {fileID: 0}
    - target: {fileID: 400032, guid: 9f066633a54256841af53b6f7eeb5a02, type: 3}
      propertyPath: m_LocalScale.y
      value: 1
      objectReference: {fileID: 0}
    - target: {fileID: 400032, guid: 9f066633a54256841af53b6f7eeb5a02, type: 3}
      propertyPath: m_LocalScale.z
      value: 1
      objectReference: {fileID: 0}
    m_RemovedComponents: []
  m_SourcePrefab: {fileID: 100100000, guid: 9f066633a54256841af53b6f7eeb5a02, type: 3}
--- !u!1001 &3116237976575667782
PrefabInstance:
  m_ObjectHideFlags: 0
  serializedVersion: 2
  m_Modification:
    m_TransformParent: {fileID: 8039971946440539308}
    m_Modifications:
    - target: {fileID: 100032, guid: 9f066633a54256841af53b6f7eeb5a02, type: 3}
      propertyPath: m_Name
      value: Grass (18)
      objectReference: {fileID: 0}
    - target: {fileID: 400032, guid: 9f066633a54256841af53b6f7eeb5a02, type: 3}
      propertyPath: m_LocalPosition.x
      value: -7.439939
      objectReference: {fileID: 0}
    - target: {fileID: 400032, guid: 9f066633a54256841af53b6f7eeb5a02, type: 3}
      propertyPath: m_LocalPosition.y
      value: -1.3787084
      objectReference: {fileID: 0}
    - target: {fileID: 400032, guid: 9f066633a54256841af53b6f7eeb5a02, type: 3}
      propertyPath: m_LocalPosition.z
      value: -5.299988
      objectReference: {fileID: 0}
    - target: {fileID: 400032, guid: 9f066633a54256841af53b6f7eeb5a02, type: 3}
      propertyPath: m_LocalRotation.x
      value: -0
      objectReference: {fileID: 0}
    - target: {fileID: 400032, guid: 9f066633a54256841af53b6f7eeb5a02, type: 3}
      propertyPath: m_LocalRotation.y
      value: -0
      objectReference: {fileID: 0}
    - target: {fileID: 400032, guid: 9f066633a54256841af53b6f7eeb5a02, type: 3}
      propertyPath: m_LocalRotation.z
      value: -0
      objectReference: {fileID: 0}
    - target: {fileID: 400032, guid: 9f066633a54256841af53b6f7eeb5a02, type: 3}
      propertyPath: m_LocalRotation.w
      value: 1
      objectReference: {fileID: 0}
    - target: {fileID: 400032, guid: 9f066633a54256841af53b6f7eeb5a02, type: 3}
      propertyPath: m_RootOrder
      value: 25
      objectReference: {fileID: 0}
    - target: {fileID: 400032, guid: 9f066633a54256841af53b6f7eeb5a02, type: 3}
      propertyPath: m_LocalEulerAnglesHint.x
      value: 0
      objectReference: {fileID: 0}
    - target: {fileID: 400032, guid: 9f066633a54256841af53b6f7eeb5a02, type: 3}
      propertyPath: m_LocalEulerAnglesHint.y
      value: 0
      objectReference: {fileID: 0}
    - target: {fileID: 400032, guid: 9f066633a54256841af53b6f7eeb5a02, type: 3}
      propertyPath: m_LocalEulerAnglesHint.z
      value: 0
      objectReference: {fileID: 0}
    - target: {fileID: 400032, guid: 9f066633a54256841af53b6f7eeb5a02, type: 3}
      propertyPath: m_LocalScale.x
      value: 0.6098305
      objectReference: {fileID: 0}
    - target: {fileID: 400032, guid: 9f066633a54256841af53b6f7eeb5a02, type: 3}
      propertyPath: m_LocalScale.y
      value: 1
      objectReference: {fileID: 0}
    - target: {fileID: 400032, guid: 9f066633a54256841af53b6f7eeb5a02, type: 3}
      propertyPath: m_LocalScale.z
      value: 1
      objectReference: {fileID: 0}
    m_RemovedComponents: []
  m_SourcePrefab: {fileID: 100100000, guid: 9f066633a54256841af53b6f7eeb5a02, type: 3}
--- !u!1001 &4537663267603474427
PrefabInstance:
  m_ObjectHideFlags: 0
  serializedVersion: 2
  m_Modification:
    m_TransformParent: {fileID: 8039971946440539308}
    m_Modifications:
    - target: {fileID: 100032, guid: 9f066633a54256841af53b6f7eeb5a02, type: 3}
      propertyPath: m_Name
      value: Grass (23)
      objectReference: {fileID: 0}
    - target: {fileID: 400032, guid: 9f066633a54256841af53b6f7eeb5a02, type: 3}
      propertyPath: m_LocalPosition.x
      value: -18.118114
      objectReference: {fileID: 0}
    - target: {fileID: 400032, guid: 9f066633a54256841af53b6f7eeb5a02, type: 3}
      propertyPath: m_LocalPosition.y
      value: -0.27277458
      objectReference: {fileID: 0}
    - target: {fileID: 400032, guid: 9f066633a54256841af53b6f7eeb5a02, type: 3}
      propertyPath: m_LocalPosition.z
      value: 8.919678
      objectReference: {fileID: 0}
    - target: {fileID: 400032, guid: 9f066633a54256841af53b6f7eeb5a02, type: 3}
      propertyPath: m_LocalRotation.x
      value: -0
      objectReference: {fileID: 0}
    - target: {fileID: 400032, guid: 9f066633a54256841af53b6f7eeb5a02, type: 3}
      propertyPath: m_LocalRotation.y
      value: -0
      objectReference: {fileID: 0}
    - target: {fileID: 400032, guid: 9f066633a54256841af53b6f7eeb5a02, type: 3}
      propertyPath: m_LocalRotation.z
      value: -0
      objectReference: {fileID: 0}
    - target: {fileID: 400032, guid: 9f066633a54256841af53b6f7eeb5a02, type: 3}
      propertyPath: m_LocalRotation.w
      value: 1
      objectReference: {fileID: 0}
    - target: {fileID: 400032, guid: 9f066633a54256841af53b6f7eeb5a02, type: 3}
      propertyPath: m_RootOrder
      value: 30
      objectReference: {fileID: 0}
    - target: {fileID: 400032, guid: 9f066633a54256841af53b6f7eeb5a02, type: 3}
      propertyPath: m_LocalEulerAnglesHint.x
      value: 0
      objectReference: {fileID: 0}
    - target: {fileID: 400032, guid: 9f066633a54256841af53b6f7eeb5a02, type: 3}
      propertyPath: m_LocalEulerAnglesHint.y
      value: 0
      objectReference: {fileID: 0}
    - target: {fileID: 400032, guid: 9f066633a54256841af53b6f7eeb5a02, type: 3}
      propertyPath: m_LocalEulerAnglesHint.z
      value: 0
      objectReference: {fileID: 0}
    - target: {fileID: 400032, guid: 9f066633a54256841af53b6f7eeb5a02, type: 3}
      propertyPath: m_LocalScale.x
      value: 0.25895232
      objectReference: {fileID: 0}
    - target: {fileID: 400032, guid: 9f066633a54256841af53b6f7eeb5a02, type: 3}
      propertyPath: m_LocalScale.y
      value: 0.42463
      objectReference: {fileID: 0}
    - target: {fileID: 400032, guid: 9f066633a54256841af53b6f7eeb5a02, type: 3}
      propertyPath: m_LocalScale.z
      value: 0.42463002
      objectReference: {fileID: 0}
    m_RemovedComponents: []
  m_SourcePrefab: {fileID: 100100000, guid: 9f066633a54256841af53b6f7eeb5a02, type: 3}
--- !u!1001 &4782581007542965946
PrefabInstance:
  m_ObjectHideFlags: 0
  serializedVersion: 2
  m_Modification:
    m_TransformParent: {fileID: 8039971946440539308}
    m_Modifications:
    - target: {fileID: 100032, guid: 9f066633a54256841af53b6f7eeb5a02, type: 3}
      propertyPath: m_Name
      value: Grass (22)
      objectReference: {fileID: 0}
    - target: {fileID: 400032, guid: 9f066633a54256841af53b6f7eeb5a02, type: 3}
      propertyPath: m_LocalPosition.x
      value: -2.628368
      objectReference: {fileID: 0}
    - target: {fileID: 400032, guid: 9f066633a54256841af53b6f7eeb5a02, type: 3}
      propertyPath: m_LocalPosition.y
      value: -1.3787084
      objectReference: {fileID: 0}
    - target: {fileID: 400032, guid: 9f066633a54256841af53b6f7eeb5a02, type: 3}
      propertyPath: m_LocalPosition.z
      value: -16.090088
      objectReference: {fileID: 0}
    - target: {fileID: 400032, guid: 9f066633a54256841af53b6f7eeb5a02, type: 3}
      propertyPath: m_LocalRotation.x
      value: -0
      objectReference: {fileID: 0}
    - target: {fileID: 400032, guid: 9f066633a54256841af53b6f7eeb5a02, type: 3}
      propertyPath: m_LocalRotation.y
      value: -0
      objectReference: {fileID: 0}
    - target: {fileID: 400032, guid: 9f066633a54256841af53b6f7eeb5a02, type: 3}
      propertyPath: m_LocalRotation.z
      value: -0
      objectReference: {fileID: 0}
    - target: {fileID: 400032, guid: 9f066633a54256841af53b6f7eeb5a02, type: 3}
      propertyPath: m_LocalRotation.w
      value: 1
      objectReference: {fileID: 0}
    - target: {fileID: 400032, guid: 9f066633a54256841af53b6f7eeb5a02, type: 3}
      propertyPath: m_RootOrder
      value: 29
      objectReference: {fileID: 0}
    - target: {fileID: 400032, guid: 9f066633a54256841af53b6f7eeb5a02, type: 3}
      propertyPath: m_LocalEulerAnglesHint.x
      value: 0
      objectReference: {fileID: 0}
    - target: {fileID: 400032, guid: 9f066633a54256841af53b6f7eeb5a02, type: 3}
      propertyPath: m_LocalEulerAnglesHint.y
      value: 0
      objectReference: {fileID: 0}
    - target: {fileID: 400032, guid: 9f066633a54256841af53b6f7eeb5a02, type: 3}
      propertyPath: m_LocalEulerAnglesHint.z
      value: 0
      objectReference: {fileID: 0}
    - target: {fileID: 400032, guid: 9f066633a54256841af53b6f7eeb5a02, type: 3}
      propertyPath: m_LocalScale.x
      value: 0.6098305
      objectReference: {fileID: 0}
    - target: {fileID: 400032, guid: 9f066633a54256841af53b6f7eeb5a02, type: 3}
      propertyPath: m_LocalScale.y
      value: 1
      objectReference: {fileID: 0}
    - target: {fileID: 400032, guid: 9f066633a54256841af53b6f7eeb5a02, type: 3}
      propertyPath: m_LocalScale.z
      value: 1
      objectReference: {fileID: 0}
    m_RemovedComponents: []
  m_SourcePrefab: {fileID: 100100000, guid: 9f066633a54256841af53b6f7eeb5a02, type: 3}
--- !u!1001 &5464002975795363556
PrefabInstance:
  m_ObjectHideFlags: 0
  serializedVersion: 2
  m_Modification:
    m_TransformParent: {fileID: 8039971946440539308}
    m_Modifications:
    - target: {fileID: 100032, guid: 9f066633a54256841af53b6f7eeb5a02, type: 3}
      propertyPath: m_Name
      value: Grass (15)
      objectReference: {fileID: 0}
    - target: {fileID: 400032, guid: 9f066633a54256841af53b6f7eeb5a02, type: 3}
      propertyPath: m_LocalPosition.x
      value: -19.5756
      objectReference: {fileID: 0}
    - target: {fileID: 400032, guid: 9f066633a54256841af53b6f7eeb5a02, type: 3}
      propertyPath: m_LocalPosition.y
      value: -0.27277458
      objectReference: {fileID: 0}
    - target: {fileID: 400032, guid: 9f066633a54256841af53b6f7eeb5a02, type: 3}
      propertyPath: m_LocalPosition.z
      value: 25.009766
      objectReference: {fileID: 0}
    - target: {fileID: 400032, guid: 9f066633a54256841af53b6f7eeb5a02, type: 3}
      propertyPath: m_LocalRotation.x
      value: -0
      objectReference: {fileID: 0}
    - target: {fileID: 400032, guid: 9f066633a54256841af53b6f7eeb5a02, type: 3}
      propertyPath: m_LocalRotation.y
      value: -0
      objectReference: {fileID: 0}
    - target: {fileID: 400032, guid: 9f066633a54256841af53b6f7eeb5a02, type: 3}
      propertyPath: m_LocalRotation.z
      value: -0
      objectReference: {fileID: 0}
    - target: {fileID: 400032, guid: 9f066633a54256841af53b6f7eeb5a02, type: 3}
      propertyPath: m_LocalRotation.w
      value: 1
      objectReference: {fileID: 0}
    - target: {fileID: 400032, guid: 9f066633a54256841af53b6f7eeb5a02, type: 3}
      propertyPath: m_RootOrder
      value: 22
      objectReference: {fileID: 0}
    - target: {fileID: 400032, guid: 9f066633a54256841af53b6f7eeb5a02, type: 3}
      propertyPath: m_LocalEulerAnglesHint.x
      value: 0
      objectReference: {fileID: 0}
    - target: {fileID: 400032, guid: 9f066633a54256841af53b6f7eeb5a02, type: 3}
      propertyPath: m_LocalEulerAnglesHint.y
      value: 0
      objectReference: {fileID: 0}
    - target: {fileID: 400032, guid: 9f066633a54256841af53b6f7eeb5a02, type: 3}
      propertyPath: m_LocalEulerAnglesHint.z
      value: 0
      objectReference: {fileID: 0}
    - target: {fileID: 400032, guid: 9f066633a54256841af53b6f7eeb5a02, type: 3}
      propertyPath: m_LocalScale.x
      value: 0.25895232
      objectReference: {fileID: 0}
    - target: {fileID: 400032, guid: 9f066633a54256841af53b6f7eeb5a02, type: 3}
      propertyPath: m_LocalScale.y
      value: 0.42463
      objectReference: {fileID: 0}
    - target: {fileID: 400032, guid: 9f066633a54256841af53b6f7eeb5a02, type: 3}
      propertyPath: m_LocalScale.z
      value: 0.42463002
      objectReference: {fileID: 0}
    m_RemovedComponents: []
  m_SourcePrefab: {fileID: 100100000, guid: 9f066633a54256841af53b6f7eeb5a02, type: 3}
--- !u!1001 &5519268210517372800
PrefabInstance:
  m_ObjectHideFlags: 0
  serializedVersion: 2
  m_Modification:
    m_TransformParent: {fileID: 8039971946440539308}
    m_Modifications:
    - target: {fileID: 100032, guid: 9f066633a54256841af53b6f7eeb5a02, type: 3}
      propertyPath: m_Name
      value: Grass (19)
      objectReference: {fileID: 0}
    - target: {fileID: 400032, guid: 9f066633a54256841af53b6f7eeb5a02, type: 3}
      propertyPath: m_LocalPosition.x
      value: -22.929686
      objectReference: {fileID: 0}
    - target: {fileID: 400032, guid: 9f066633a54256841af53b6f7eeb5a02, type: 3}
      propertyPath: m_LocalPosition.y
      value: -0.27277458
      objectReference: {fileID: 0}
    - target: {fileID: 400032, guid: 9f066633a54256841af53b6f7eeb5a02, type: 3}
      propertyPath: m_LocalPosition.z
      value: 19.709778
      objectReference: {fileID: 0}
    - target: {fileID: 400032, guid: 9f066633a54256841af53b6f7eeb5a02, type: 3}
      propertyPath: m_LocalRotation.x
      value: -0
      objectReference: {fileID: 0}
    - target: {fileID: 400032, guid: 9f066633a54256841af53b6f7eeb5a02, type: 3}
      propertyPath: m_LocalRotation.y
      value: -0
      objectReference: {fileID: 0}
    - target: {fileID: 400032, guid: 9f066633a54256841af53b6f7eeb5a02, type: 3}
      propertyPath: m_LocalRotation.z
      value: -0
      objectReference: {fileID: 0}
    - target: {fileID: 400032, guid: 9f066633a54256841af53b6f7eeb5a02, type: 3}
      propertyPath: m_LocalRotation.w
      value: 1
      objectReference: {fileID: 0}
    - target: {fileID: 400032, guid: 9f066633a54256841af53b6f7eeb5a02, type: 3}
      propertyPath: m_RootOrder
      value: 26
      objectReference: {fileID: 0}
    - target: {fileID: 400032, guid: 9f066633a54256841af53b6f7eeb5a02, type: 3}
      propertyPath: m_LocalEulerAnglesHint.x
      value: 0
      objectReference: {fileID: 0}
    - target: {fileID: 400032, guid: 9f066633a54256841af53b6f7eeb5a02, type: 3}
      propertyPath: m_LocalEulerAnglesHint.y
      value: 0
      objectReference: {fileID: 0}
    - target: {fileID: 400032, guid: 9f066633a54256841af53b6f7eeb5a02, type: 3}
      propertyPath: m_LocalEulerAnglesHint.z
      value: 0
      objectReference: {fileID: 0}
    - target: {fileID: 400032, guid: 9f066633a54256841af53b6f7eeb5a02, type: 3}
      propertyPath: m_LocalScale.x
      value: 0.25895232
      objectReference: {fileID: 0}
    - target: {fileID: 400032, guid: 9f066633a54256841af53b6f7eeb5a02, type: 3}
      propertyPath: m_LocalScale.y
      value: 0.42463
      objectReference: {fileID: 0}
    - target: {fileID: 400032, guid: 9f066633a54256841af53b6f7eeb5a02, type: 3}
      propertyPath: m_LocalScale.z
      value: 0.42463002
      objectReference: {fileID: 0}
    m_RemovedComponents: []
  m_SourcePrefab: {fileID: 100100000, guid: 9f066633a54256841af53b6f7eeb5a02, type: 3}
--- !u!1001 &5584773799660954792
PrefabInstance:
  m_ObjectHideFlags: 0
  serializedVersion: 2
  m_Modification:
    m_TransformParent: {fileID: 8039971946440539308}
    m_Modifications:
    - target: {fileID: 100032, guid: 9f066633a54256841af53b6f7eeb5a02, type: 3}
      propertyPath: m_Name
      value: Grass (16)
      objectReference: {fileID: 0}
    - target: {fileID: 400032, guid: 9f066633a54256841af53b6f7eeb5a02, type: 3}
      propertyPath: m_LocalPosition.x
      value: -3.3540862
      objectReference: {fileID: 0}
    - target: {fileID: 400032, guid: 9f066633a54256841af53b6f7eeb5a02, type: 3}
      propertyPath: m_LocalPosition.y
      value: 0
      objectReference: {fileID: 0}
    - target: {fileID: 400032, guid: 9f066633a54256841af53b6f7eeb5a02, type: 3}
      propertyPath: m_LocalPosition.z
      value: -5.299988
      objectReference: {fileID: 0}
    - target: {fileID: 400032, guid: 9f066633a54256841af53b6f7eeb5a02, type: 3}
      propertyPath: m_LocalRotation.x
      value: -0
      objectReference: {fileID: 0}
    - target: {fileID: 400032, guid: 9f066633a54256841af53b6f7eeb5a02, type: 3}
      propertyPath: m_LocalRotation.y
      value: -0
      objectReference: {fileID: 0}
    - target: {fileID: 400032, guid: 9f066633a54256841af53b6f7eeb5a02, type: 3}
      propertyPath: m_LocalRotation.z
      value: -0
      objectReference: {fileID: 0}
    - target: {fileID: 400032, guid: 9f066633a54256841af53b6f7eeb5a02, type: 3}
      propertyPath: m_LocalRotation.w
      value: 1
      objectReference: {fileID: 0}
    - target: {fileID: 400032, guid: 9f066633a54256841af53b6f7eeb5a02, type: 3}
      propertyPath: m_RootOrder
      value: 23
      objectReference: {fileID: 0}
    - target: {fileID: 400032, guid: 9f066633a54256841af53b6f7eeb5a02, type: 3}
      propertyPath: m_LocalEulerAnglesHint.x
      value: 0
      objectReference: {fileID: 0}
    - target: {fileID: 400032, guid: 9f066633a54256841af53b6f7eeb5a02, type: 3}
      propertyPath: m_LocalEulerAnglesHint.y
      value: 0
      objectReference: {fileID: 0}
    - target: {fileID: 400032, guid: 9f066633a54256841af53b6f7eeb5a02, type: 3}
      propertyPath: m_LocalEulerAnglesHint.z
      value: 0
      objectReference: {fileID: 0}
    - target: {fileID: 400032, guid: 9f066633a54256841af53b6f7eeb5a02, type: 3}
      propertyPath: m_LocalScale.x
      value: 1
      objectReference: {fileID: 0}
    - target: {fileID: 400032, guid: 9f066633a54256841af53b6f7eeb5a02, type: 3}
      propertyPath: m_LocalScale.y
      value: 1
      objectReference: {fileID: 0}
    - target: {fileID: 400032, guid: 9f066633a54256841af53b6f7eeb5a02, type: 3}
      propertyPath: m_LocalScale.z
      value: 1
      objectReference: {fileID: 0}
    m_RemovedComponents: []
  m_SourcePrefab: {fileID: 100100000, guid: 9f066633a54256841af53b6f7eeb5a02, type: 3}
--- !u!1001 &7308764360647159569
PrefabInstance:
  m_ObjectHideFlags: 0
  serializedVersion: 2
  m_Modification:
    m_TransformParent: {fileID: 8039971946440539308}
    m_Modifications:
    - target: {fileID: 100032, guid: 9f066633a54256841af53b6f7eeb5a02, type: 3}
      propertyPath: m_Name
      value: Grass (14)
      objectReference: {fileID: 0}
    - target: {fileID: 400032, guid: 9f066633a54256841af53b6f7eeb5a02, type: 3}
      propertyPath: m_LocalPosition.x
      value: -4.085853
      objectReference: {fileID: 0}
    - target: {fileID: 400032, guid: 9f066633a54256841af53b6f7eeb5a02, type: 3}
      propertyPath: m_LocalPosition.y
      value: -1.3787084
      objectReference: {fileID: 0}
    - target: {fileID: 400032, guid: 9f066633a54256841af53b6f7eeb5a02, type: 3}
      propertyPath: m_LocalPosition.z
      value: 0
      objectReference: {fileID: 0}
    - target: {fileID: 400032, guid: 9f066633a54256841af53b6f7eeb5a02, type: 3}
      propertyPath: m_LocalRotation.x
      value: -0
      objectReference: {fileID: 0}
    - target: {fileID: 400032, guid: 9f066633a54256841af53b6f7eeb5a02, type: 3}
      propertyPath: m_LocalRotation.y
      value: -0
      objectReference: {fileID: 0}
    - target: {fileID: 400032, guid: 9f066633a54256841af53b6f7eeb5a02, type: 3}
      propertyPath: m_LocalRotation.z
      value: -0
      objectReference: {fileID: 0}
    - target: {fileID: 400032, guid: 9f066633a54256841af53b6f7eeb5a02, type: 3}
      propertyPath: m_LocalRotation.w
      value: 1
      objectReference: {fileID: 0}
    - target: {fileID: 400032, guid: 9f066633a54256841af53b6f7eeb5a02, type: 3}
      propertyPath: m_RootOrder
      value: 21
      objectReference: {fileID: 0}
    - target: {fileID: 400032, guid: 9f066633a54256841af53b6f7eeb5a02, type: 3}
      propertyPath: m_LocalEulerAnglesHint.x
      value: 0
      objectReference: {fileID: 0}
    - target: {fileID: 400032, guid: 9f066633a54256841af53b6f7eeb5a02, type: 3}
      propertyPath: m_LocalEulerAnglesHint.y
      value: 0
      objectReference: {fileID: 0}
    - target: {fileID: 400032, guid: 9f066633a54256841af53b6f7eeb5a02, type: 3}
      propertyPath: m_LocalEulerAnglesHint.z
      value: 0
      objectReference: {fileID: 0}
    - target: {fileID: 400032, guid: 9f066633a54256841af53b6f7eeb5a02, type: 3}
      propertyPath: m_LocalScale.x
      value: 0.6098305
      objectReference: {fileID: 0}
    - target: {fileID: 400032, guid: 9f066633a54256841af53b6f7eeb5a02, type: 3}
      propertyPath: m_LocalScale.y
      value: 1
      objectReference: {fileID: 0}
    - target: {fileID: 400032, guid: 9f066633a54256841af53b6f7eeb5a02, type: 3}
      propertyPath: m_LocalScale.z
      value: 1
      objectReference: {fileID: 0}
    m_RemovedComponents: []
  m_SourcePrefab: {fileID: 100100000, guid: 9f066633a54256841af53b6f7eeb5a02, type: 3}
--- !u!1001 &8039971946440926732
PrefabInstance:
  m_ObjectHideFlags: 0
  serializedVersion: 2
  m_Modification:
    m_TransformParent: {fileID: 0}
    m_Modifications:
    - target: {fileID: 100032, guid: 9f066633a54256841af53b6f7eeb5a02, type: 3}
      propertyPath: m_Name
      value: Grass (12)
      objectReference: {fileID: 0}
    - target: {fileID: 400032, guid: 9f066633a54256841af53b6f7eeb5a02, type: 3}
      propertyPath: m_LocalPosition.x
      value: 249.47
      objectReference: {fileID: 0}
    - target: {fileID: 400032, guid: 9f066633a54256841af53b6f7eeb5a02, type: 3}
      propertyPath: m_LocalPosition.y
      value: 7.4135
      objectReference: {fileID: 0}
    - target: {fileID: 400032, guid: 9f066633a54256841af53b6f7eeb5a02, type: 3}
      propertyPath: m_LocalPosition.z
      value: 287.32
      objectReference: {fileID: 0}
    - target: {fileID: 400032, guid: 9f066633a54256841af53b6f7eeb5a02, type: 3}
      propertyPath: m_LocalRotation.x
      value: 0
      objectReference: {fileID: 0}
    - target: {fileID: 400032, guid: 9f066633a54256841af53b6f7eeb5a02, type: 3}
      propertyPath: m_LocalRotation.y
      value: 0
      objectReference: {fileID: 0}
    - target: {fileID: 400032, guid: 9f066633a54256841af53b6f7eeb5a02, type: 3}
      propertyPath: m_LocalRotation.z
      value: 0
      objectReference: {fileID: 0}
    - target: {fileID: 400032, guid: 9f066633a54256841af53b6f7eeb5a02, type: 3}
      propertyPath: m_LocalRotation.w
      value: 1
      objectReference: {fileID: 0}
    - target: {fileID: 400032, guid: 9f066633a54256841af53b6f7eeb5a02, type: 3}
      propertyPath: m_RootOrder
      value: 0
      objectReference: {fileID: 0}
    - target: {fileID: 400032, guid: 9f066633a54256841af53b6f7eeb5a02, type: 3}
      propertyPath: m_LocalEulerAnglesHint.x
      value: 0
      objectReference: {fileID: 0}
    - target: {fileID: 400032, guid: 9f066633a54256841af53b6f7eeb5a02, type: 3}
      propertyPath: m_LocalEulerAnglesHint.y
      value: 0
      objectReference: {fileID: 0}
    - target: {fileID: 400032, guid: 9f066633a54256841af53b6f7eeb5a02, type: 3}
      propertyPath: m_LocalEulerAnglesHint.z
      value: 0
      objectReference: {fileID: 0}
    - target: {fileID: 400032, guid: 9f066633a54256841af53b6f7eeb5a02, type: 3}
      propertyPath: m_LocalScale.x
      value: 0.16397999
      objectReference: {fileID: 0}
    - target: {fileID: 400032, guid: 9f066633a54256841af53b6f7eeb5a02, type: 3}
      propertyPath: m_LocalScale.y
      value: 0.1888
      objectReference: {fileID: 0}
    - target: {fileID: 400032, guid: 9f066633a54256841af53b6f7eeb5a02, type: 3}
      propertyPath: m_LocalScale.z
      value: 0.1
      objectReference: {fileID: 0}
    m_RemovedComponents: []
  m_SourcePrefab: {fileID: 100100000, guid: 9f066633a54256841af53b6f7eeb5a02, type: 3}
--- !u!4 &8039971946440539308 stripped
Transform:
  m_CorrespondingSourceObject: {fileID: 400032, guid: 9f066633a54256841af53b6f7eeb5a02,
    type: 3}
  m_PrefabInstance: {fileID: 8039971946440926732}
  m_PrefabAsset: {fileID: 0}
